2675 4642
491 206 604 296 m
627 231 936 298 noenu
975 232 1143 298 ΜΒ.
1186 201 1415 302 civt
1446 232 1692 311 mvn.
1990 233 2116 299 235

113 441 434 503 immerito
477 441 875 505 detulerant.
919 441 1092 515 ,Sed,
1138 442 1252 505 ubi
1284 443 1449 505 haec
1483 442 1722 526 cupide
1761 445 1972 529 reqii
2008 450 2108 511 in·
2165 435 2237 501 U·
2296 481 2312 499 ·

110 524 430 584 tellectum
475 523 606 597 est,
670 525 872 589 statim
915 528 1223 609 prorupit
1264 524 1657 587 adulantium
1708 531 2107 610 protervitas
2164 513 2240 569 A·

111 618 214 666 tam
264 608 746 690 impudenter,
812 622 882 670 ut
926 609 1098 669 inter
1139 608 1262 669 alia
1308 607 1526 691 turpia
1571 624 1920 671 censerent
1962 612 2108 695 qui-

110 686 264 762 dam,
332 691 531 772 quod
581 690 1002 752 mulierosum
1048 689 1178 753 esse
1219 690 1506 762 scirent,
1568 709 1633 748 ut
1670 712 1868 750 uxores
1904 696 2108 753 libero-

112 792 208 828 rum
241 774 706 848 quaerendorum
738 769 912 850 cauffiz
933 814 950 844 ‚
997 793 1126 850 quar
1162 791 1216 829 et
1247 788 1376 841 quot
1410 772 1612 843 vellet,
1660 773 1855 830 ducere
1891 773 2104 838 liceret.

113 852 460 936 Aiuntque,
510 854 646 915 hoc
685 854 880 915 etiam
914 853 1220 935 placuiss'e
1252 835 1538 925 Caesari,
1585 867 1778 938 atque
1801 856 2108 923 Helvium

117 936 350 997 Cinnam
386 937 753 1020 plerisque
789 933 1177 1007 consess'um,
1221 934 1508 1016 habuill’e
1550 950 1829 1017 paratam
1865 937 2104 1015 legem,

114 1038 262 1099 quam
303 1037 386 1079 ea
430 1019 523 1080 de
561 1038 639 1079 re
671 1018 858 1089 ferri,
907 1038 977 1085 se
1007 1017 1298 1089 absente,
1333 1019 1572 1078 Caesar
1598 1017 1879 1097 juffiffet.
1928 1022 2103 1081 Jam-

104 1120 206 1182 que
247 1120 333 1162 eo
377 1113 793 1184 perventum
831 1114 1008 1173 erat,
1069 1114 1138 1161 ut
1173 1113 1272 1173 tot
1310 1111 1503 1181 atque
1544 1100 1693 1160 talia
1733 1101 1984 1164 admitti
2019 1102 2100 1165 ab

101 1181 345 1244 homine
391 1183 520 1267 tsel
558 1181 728 1266 ipsi,
776 1182 890 1265 qui
928 1181 1327 1253 detulerant,
1378 1180 1894 1264 indignarentur.
2516 1212 2569 1253 ι

196 1307 586 1369 xxxvln.
643 1306 730 1367 At
778 1305 1094 1388 populus,
1157 1317 1229 1366 ut
1275 1323 1420 1364 mos
1469 1301 1559 1364 est
1603 1305 1855 1386 vulgo,-
1901 1326 2098 1387 saepe
2157 1315 2395 1387 Populus

100 1388 467 1451 nominibus
499 1389 751 1470 magis,
797 1408 984 1470 quam
1015 1387 1247 1455 rebus,
1293 1384 1579 1458 offendi,
1626 1408 1815 1470 quem
1856 1389 2098 1451 tamdiu
2123 1388 2387 1468 vindice-un
2430 1432 2435 1441 .

100 1490 300 1553 regem
361 1486 522 1532 erat
579 1471 831 1554 pass'us,
899 1469 993 1531 sic
1043 1468 1360 1554 adpellari
1411 1467 1605 1529 velle.
1637 1488 1765 1529 non
1816 1469 2095 1534 ferebat.
2122 1456 2383 1553 '‘vaf“

102 1556 172 1615 lta
216 1575 346 1623 ue,
438 1554 615 1614 clam
674 1553 1014 1634 palamque
1070 1551 1574 1627 dominationem
1635 1567 2097 1634 aspernantes,

103 1637 192 1696 vin
238 1638 417 1698 icem
462 1633 918 1718 requirebant.
979 1634 1298 1730 proximis
1351 1631 1637 1694 comitiis
1684 1648 1944 1715 reperta
1998 1636 2100 1698 di-

112 1733 312 1779 cuntur
351 1718 713 1801 complura
746 1712 1051 1796 suffragia
1081 1716 1448 1777 Caesetium
1482 1728 1547 1776 et
1570 1716 1910 1777 Marullum
1941 1736 2098 1779 con-

114 1801 254 1863 sules
285 1798 821 1862 declarantium..
878 1800 952 1879 ld·
977 1798 1167 1860 Bruti
1197 1796 1454 1858 statuam
1484 1797 1550 1856 in
1577 1797 1903 1882 Capitolio
1923 1798 2100 1871 ,fuis-

112 1903 169 1943 se
194 1882 483 1957 «ligimus
518 1882 699 1962 iuxta
731 1901 959 1965 regum
999 1879 1297 1964 effigies,
1343 1880 1456 1941 ubi
1487 1893 1552 1941 et
1583 1882 1654 1942 C.
1685 1880 1949 1944 Caesari
1979 1902 2099 1943 nu·

113 1986 213 2048 per
240 1981 383 2029 erat
422 1965 674 2050 posita.
738 1962 894 2025 huic
932 1962 1134 2047 igitur
1172 1962 1563 2046 inscriptum
1593 1961 1753 2023 fuit:
1807 1965 2094 2038 Brutum,
2146 2040 2157 2045 Ι

124 2054 270 2124 ejectis
309 2052 549 2131 regibus
575 2089 594 2121 ,
645 2051 883 2127 primum
930 2045 1193 2127 conlidens
1227 2049 1447 2130 facture
1493 2041 1625 2123 ‘ff‘ae'
1680 2046 1855 2118 hunc,
1910 2045 2099 2122 ejectis

132 2130 389 2205 consulibus
407 2173 433 2205 ‚
483 2130 815 2212 postremum
851 2147 1049 2211 regem.
1122 2125 1316 2190 Bruti
1354 2145 1512 2191 vero
1546 2123 1815 2189 statuae:
1873 2128 2095 2189 Utinam

135 2214 340 2273 viveret!

221 2319 524 2381 XXXIX.
589 2314 803 2399 Atque
846 2314 1001 2378 inde
1045 2316 1355 2378 conversi
1396 2316 1476 2378 ad
1515 2332 1884 2402 praetorem
1927 2319 2092 2378 Bru-
2150 2318 2385 2403 Brutum
2469 2392 2475 2399 .

115 2413 258 2473 tum,
304 2423 515 2485 quem
559 2411 837 2482 propter
874 2398 1154 2460 nominis
1198 2399 1715 2461 communionem
1756 2400 1834 2461 ab
1876 2401 2082 2462 altero
2115 2391 2426 2443 mutuetu-

108 2483 209 2544 illo
241 2505 463 2568 genus
496 2483 745 2543 ducere
776 2478 1072 2543 faventes
1109 2480 1434 2553 dicebant,
1480 2481 2091 2555 subindeinclama-
2113 2459 2385 2514 ‘'mnu“

107 2580 238 2627 runt
267 2569 458 2627 Bruti
490 2582 731 2625 nomen
754 2607 771 2637 ,
834 2563 1091 2646 sibique
1126 2565 1311 2627 Bruto
1349 2563 1530 2643 aliquo
1561 2564 1663 2645 effi·
1697 2585 1852 2645 opus.
1940 2564 2095 2625 Tri-

104 2645 308 2711 hinali
362 2665 641 2731 quoque
687 2643 828 2725 ejus
876 2638 1296 2729 inscriptum,
1358 2645 1628 2719 Dormis,
1690 2647 1918 2711 Brute?
1982 2660 2139 2720 et,³

104 2728 221 2789 Non
256 2753 314 2788 es
357 2733 636 2790 Brutus!
695 2733 757 2789 ls
807 2728 1037 2812 populi
1089 2747 1317 2789 sensus
1373 2727 1621 2790 animos
1676 2729 2093 2791 inimicorum

101 2811 394 2875 Caesaris
437 2811 682 2883 erexit3
728 2810 1065 2893 Gaffioque
1102 2809 1481 2871 sollicitanti
1512 2810 1819 2894 quosdam
1851 2810 2092 2872 adnue-

100 2908 281 2967 runt,
344 2894 407 2956 si
462 2893 594 2953 dux
636 2891 792 2952 facti
829 2894 1070 2952 Brutus
1123 2891 1253 2957 ess'e
1305 2890 1665 2967 sustineret.
1752 2893 1855 2954 Ab
1902 2891 2093 2974 hujus

102 2978 262 3037 enim
306 2976 696 3058 integritate
731 2974 1038 3057 putabant
1072 2973 1471 3035 adcess'urrum
1509 2975 1684 3036 ausis
1716 2976 1852 3036 suis
1886 2973 2094 3035 hone-

102 3050 428 3120 fifflimum
481 3058 811 3129 colorem,
867 3069 938 3117 ut
971 3076 1117 3128 res,
1175 3059 1385 3118 Bruto
1421 3056 1720 3139 probata,
1784 3077 1913 3118 non
1960 3056 2094 3120 nisi

35 3208 40 3211 ,
105 3143 294 3204 cauffa
339 3140 674 3203 libertatis
705 3151 1013 3221 suscepta
1049 3132 1408 3201 videretur.
1484 3140 1499 3163 ⁴

209 3267 356 3327 XL.
425 3264 739 3325 Sororem
778 3261 967 3323 Bruti
1004 3261 1247 3323 Cassius
1288 3260 1559 3323 duxerat
1579 3281 1598 3339 3
1663 3262 1781 3324 sed
1816 3276 1957 3325 erat
1992 3261 2094 3324 in·
2153 3256 2299 3321 Iden?
2318 3276 2372 3322 et
2394 3283 2432 3320 a

106 3358 197 3409 ter
223 3370 345 3410 eos
383 3366 608 3428 nuper
634 3358 774 3406 orta
810 3343 1149 3416 dillensiO,
1199 3343 1373 3426 quod
1408 3343 1720 3405 minorem
1751 3360 1903 3406 natu
1925 3348 2093 3406 Bru·
2120 3337 2308 3419 ⁶:⁰3⁸&
2324 3339 2431 3391 ⁸⁴¹·

101 3442 223 3491 tum
244 3432 498 3492 Caesar
530 3420 845 3488 urbanum
871 3440 1238 3509 praetorem
1261 3425 1535 3497 fecerat,
1566 3427 1910 3511 eidemque
1940 3446 2095 3488 con·
2117 3405 2385 3503 ‘'mnf'‘

106 3513 374 3574 sulatum
418 3510 852 3592 promiserat,
915 3508 1114 3568 dilato
1144 3508 1390 3581 Cass'io,
1438 3507 1622 3589 cujus
1660 3523 1870 3571 tamen
1912 3529 2097 3570 caus-

106 3613 225 3654 sam
284 3594 423 3656 effe
479 3589 812 3671 justiorem
865 3590 1210 3653 fatebatur.
1275 3593 1495 3652 'Tunc
1542 3590 1745 3674 igitur
1785 3593 1974 3676 prior
2015 3589 2097 3652 ad

85 3676 374 3739 'Brutum
410 3673 659 3756 Cass'ius
698 3673 914 3747 venit,
967 3684 1558 3758 percunctatusque
1597 3670 1724 3746 est,
1767 3674 1961 3755 effbme
2004 3674 2107 3737 in.'

163 3871 313 3942 Cap.
348 3867 650 3923 xxxvn.
708 3866 954 3921 Sueton.
1001 3866 1173 3923 Caes.
1206 3866 1296 3923 50.
1333 3860 1472 3919 uio.
1516 3865 1764 3920 Sueton.
1802 3863 1972 3917 Caes.
2000 3861 2101 3918 ὄπ

105 3939 230 3995 Dio.
303 3940 461 4009 Cap.
485 3935 809 3991 xxxvm.
847 3935 998 3990 Plut.
1038 3935 1251 3991 Anton.
1291 3934 1542 3989 Sueton.
1579 3933 1857 3989 Gaes.80.
1896 3932 2096 4001 Supra

105 4026 222 4076 αι).
257 4007 518 4074 Sueten.
594 4006 744 4075 Cap.
775 4006 1029 4060 XXXIX.
1072 4008 1208 4063 Dio.
1246 4003 1399 4057 Plut.
1438 4003 1607 4057 Caes.
1632 4011 1692 4058 et
1709 4004 1916 4057 Bruto.
1954 4000 2091 4057 Dio.

106 4076 356 4149 Appian.
395 4077 560 4131 Plut.
598 4075 813 4131 Bruto.
897 4077 1041 4153 Cap.
1069 4076 1186 4133 xl..
1236 4073 1391 4131 Plut.
1429 4071 1598 4129 Caes.
1634 4080 1695 4129 et
1721 4072 1931 4127 Bruto.
1969 4068 2101 4145 Ap..

49 4146 56 4163 '
108 4147 257 4221 pian.
295 4146 460 4207 Vell.
491 4163 545 4215 a,
577 4146 669 4203 56.
707 4142 866 4203 Plut.
901 4146 1114 4214 Bruto,
1152 4153 1212 4200 et
1238 4139 1492 4219 Appian-
2096 4164 2105 4173 ,
