2675 4642
236 439 307 496 U.
323 459 374 494 c.
396 456 518 507 700.

227 514 299 563 A.
328 511 392 563 C.
423 513 511 573 43.

260 579 489 630 Parthos

197 648 450 701 concitat.

554 231 679 316 373
728 233 1127 350 FRmqu.
1152 231 1978 300 SUPPLEMENTORUM
1995 233 2153 295 Lm.
2175 236 2530 305 Lxxxvt.

675 426 793 507 111.'
823 441 1147 506 Nec'ideo
1190 443 1399 505 minus
1436 442 1514 501 ad
1542 443 1861 525 Apameae
1897 444 2302 507 obsidionem
2332 447 2531 508 Anti-

559 525 708 588 stius
747 525 1072 596 redierat,
1135 543 1357 605 magna
1398 544 1541 584 cum
1584 546 1698 620 spe
1739 526 1893 587 honi
1935 542 2242 594 eventust
2306 528 2529 591 donec

544 607 841 669 ·arceffiti
878 629 910 667 a
948 608 1131 666 Balso
1170 605 1393 665 Parthi
1431 605 1718 667 maximis
1762 609 2003 690 copiis,
2046 609 2207 671 duce
2238 613 2527 680 Pacoro,

559 689 922 750 adfuerunt.
1021 687 1141 756 Hi,
1205 685 1540 747 Antistium
1580 689 1881 773 repulisse
1919 692 2239 764 contenti,
2298 691 2533 752 multis

560 771 696 851 ejus
737 770 972 831 occisis
1006 768 1356 838 militibus,
1402 783 1673 850 propter
1708 770 2020 844 hiemem,
2066 772 2237 848 (nam
2274 773 2342 834 in
2385 772 2534 833 exi..

450 876 457 887 s
556 868 625 914 tu
659 851 1024 913 December
1062 845 1230 929 erat.)
1267 851 1441 910 nulla
1477 850 1598 911 alia
1636 871 1708 912 re
1742 850 1946 937 gesta,
2008 853 2262 915 domum
2301 854 2536 917 redic-

282 946 295 981 l

236 1038 516 1092 obsidetur

207 1110 498 1179 Apameae.

520 1952 529 1973 Ν

132 2250 135 2257 ·
236 2231 337 2287 Sed
350 2231 541 2287 &Cas-

197 2303 314 2354 sius
347 2302 423 2352 ad
456 2318 510 2351 se

197 2371 379 2451 trabit
410 2386 516 2421 om-

195 2453 311 2491 nia.

556 948 728 996 runt·

680 1038 790 1104 IV.
834 1037 933 1099 Ab
970 1036 1096 1098 hoc
1131 1049 1427 1120 tempore
1459 1059 1568 1100 res
1603 1039 1870 1101 Caecilii
1905 1041 2073 1102 Bam
2108 1039 2261 1101 satis
2298 1036 2539 1098 firmae

560 1121 783 1191 fuere,
843 1117 1133 1179 robustus
1186 1139 1264 1179 ue
1320 1122 1646 1182 exereitus
1674 1163 1690 1192 ,
1746 1136 1811 1183 et
1854 1142 1931 1182 ex
1972 1121 2242 1183 victoria
2287 1121 2540 1202 plenus

559 1203 790 1263 animi:
835 1214 904 1260 ut
940 1201 1126 1262 etiam
1214 1201 1498 1272 atribus,
1540 1203 1897 1264 Italicarum
1935 1224 2148 1266 rerum
2183 1201 2544 1284 perturba-

556 1284 737 1345 tione
788 1283 1033 1355 mixiis,
1098 1282 1327 1343 solatio
1374 1284 1548 1344 ell'ct.
1637 1286 1978 1357 Ceterum,
2041 1286 2187 1368 quia
2228 1283 2543 1345 Caesaris

557 1363 928 1427 confirmata
965 1377 1098 1428 aeta
1132 1363 1424 1435 fuerant,
1471 1386 1845 1450 quamquam
1885 1387 1964 1428 eo
2001 1366 2121 1446 jam
2159 1377 2538 1447 perempto,

557 1449 632 1508 L.
668 1446 905 1509 Statius
939 1450 1222 1515 MurcuS,
1272 1466 1351 1505 ex
1380 1460 1677 1527 praetura
1711 1449 1954 1529 Syriam
1989 1446 2391 1532 provinciam
2421 1445 2544 1505 ha-

559 1528 845 1601 biturus,
907 1548 1047 1588 cum
1100 1526 1307 1587 tribus
1360 1528 1725 1608 legionibus
1777 1530 2013 1590 bellum
2061 1529 2278 1590 intulit
2316 1526 2541 1599 Baffo,

563 1609 1070 1704 supervenitque
1103 1608 1184 1689 Q.
1214 1608 1494 1669 Marcius
1526 1611 1817 1691 Crispus,
1864 1611 2231 1694 praetorius
2266 1621 2333 1697 qt
2362 1607 2566 1690 ipse„

561 1712 705 1753 cum
748 1691 1114 1773 legionibus
1154 1689 1425 1749 totidem
1470 1711 1548 1751 ex
1580 1692 1898 1771 Bithynia.
1983 1695 2075 1753 Ita
2114 1690 2362 1751 duobus
2408 1709 2550 1749 ma-

562 1773 710 1856 gnis
754 1772 1060 1833 Romanis
1113 1770 1504 1833 exercitibus
1552 1773 1837 1856 equitatu
1884 1772 2074 1834 firmo
2128 1766 2548 1833 circums'ess'a

558 1859 842 1936 Apamea
862 1875 891 1913 t·
922 1852 1393 1914 defendebatur
1423 1866 1630 1914 tamen
1670 1855 2027 1938 intrepide,
2078 1854 2288 1915 donec
2319 1852 2381 1912 in
2417 1853 2544 1930 Sy-

561 1936 723 1995 riam
757 1936 826 1995 C.
852 1935 1089 1997 Caffius
1117 1934 1316 2003 venit,
1364 1936 1794 1997 Trebonianis
1827 1936 2141 1997 militibus
2164 1932 2534 2000 instructus,

565 2037 727 2098 quos
764 2038 796 2076 a
829 2017 1159 2076 Dolabella
1188 2018 1259 2079 P.
1288 2016 1598 2076 Lentulus
1636 2017 2117 2089 transduxerat,
2164 2030 2230 2077 et
2308 2013 2544 2091 ecunia

566 2098 643 2158 ab
684 2097 912 2159 eodem
944 2098 1255 2159 Lentulo:
1299 2119 1442 2157 nam
1479 2099 1536 2158 is
1567 2098 1881 2159 Trebonii
1922 2097 2214 2185 quaestor
2277 2108 2487 2157 uerat.

624 2236 629 2241 ’
686 2222 769 2286 V.
813 2219 915 2280 Ad
945 2218 1115 2280 hunc
1146 2222 1354 2282 omnia
1388 2242 1672 2304 propere
1701 2221 2165 2292 concess'erunt,
2214 2222 2354 2283 sive
2383 2239 2555 2302 pro-

567 2315 717 2384 pter
752 2304 1372 2364 senatusconsultum
1394 2346 1408 2375 ,
1457 2324 1583 2387 quo
1616 2313 1850 2385 parere
1888 2303 1949 2362 ei
1982 2325 2204 2365 omnes
2240 2323 2354 2364 eae
2385 2321 2556 2383 pro-

568 2383 817 2445 vinciae
860 2385 1313 2466 exercitusque
1353 2385 1769 2464 jubebantur,
1837 2386 1975 2446 sive
2019 2399 2290 2469 propter
2329 2382 2588 2465 ipsius.

571 2466 910 2535 virtutem,
973 2464 1368 2547 famamque,
1427 2481 1490 2527 et
1533 2465 1865 2527 amicitias.
1951 2466 2210 2562 Quippe
2258 2484 2558 2526 comme-

567 2567 821 2607 morare
864 2546 1173 2607 adversus
1217 2548 1506 2630 singulos
1554 2548 1748 2608 multa
1791 2570 1903 2620 sua
1941 2564 2168 2609 merita
2209 2561 2402 2630 atque
2448 2545 2561 2605 of-

477 2650 485 2660 ·
569 2626 1045 2711 ficia'poterat:
1100 2642 1196 2701 et,
1242 2630 1356 2690 ubi
1392 2629 1552 2692 haec
1588 2630 1886 2704 deerant,
1934 2630 2332 2714 reipublicae
2369 2627 2558 2688 salus

570 2724 709 2772 erat
751 2709 1062 2773 obtentui.

694 2834 806 2898 Vl.
868 2833 1018 2892 Scire
1067 2829 1205 2911 ipsos
1225 2873 1242 2903 ,
1298 2852 1457 2912 quam
1497 2856 1569 2893 ex
1602 2834 1890 2914 praeclara
1930 2854 1984 2893 et
2025 2836 2230 2915 potenti
2257 2828 2453 2911 fiabito
2500 2833 2565 2891 in

571 2913 926 2995 mifirrimam
967 2915 1320 2974 conditionem
1363 2935 1452 2973 res
1483 2915 1721 2975 Romana
1771 2915 2039 2996 incidiffi·t
2078 2914 2364 2973 ambitione
2409 2930 2560 2991 pau-

571 3016 783 3064 corum3
839 3000 963 3074 qui,
1004 2994 1234 3074 sublata
1269 2994 1558 3070 libertate,
1617 2996 1978 3058 communibus
2016 2995 2298 3058 commodis
2333 2993 2563 3055 debitas

572 3096 731 3139 curas
769 3074 926 3174 suam
979 3078 1053 3136 ad
1103 3077 1515 3137 dominationem
1567 3077 1846 3160 universas
1901 3075 2322 3156 transtultffint.
2429 3070 2561 3157 Effi

571 3180 700 3219 vero
748 3177 954 3217 tantam
996 3163 1054 3217 in
1088 3157 1363 3229 ,hominum
1400 3159 1592 3218 animis
1625 3161 1887 3241 regnandi
1920 3159 2289 3231 dulcedinem,
2336 3176 2403 3215 ut
2423 3199 2443 3230 ,
2494 3178 2565 3216 ne

577 3239 824 3321 Caesaris
856 3240 1070 3320 quidem
1101 3244 1255 3299 exitu
1286 3244 1601 3321 perterriti,
1642 3245 1803 3322 paria
1834 3241 2221 3323 concupiscant.
2306 3238 2398 3298 Sic
2426 3241 2563 3298 An-

569 3325 811 3392 tonium,
858 3320 1130 3403 degustato
1154 3320 1259 3400 sub
1291 3322 1518 3403 Caesare
1550 3326 1808 3403 imperio,
1839 3320 1920 3403 fic
1950 3326 2304 3382 Octavianum
2324 3362 2342 3392 ‚
2389 3318 2560 3379 here-

569 3405 746 3491 diffne
779 3403 1032 3461 avunculi
1065 3422 1119 3460 et
1154 3401 1266 3482 ipso
1302 3409 1512 3463 nomine
1543 3409 1849 3479 incitatum,
1892 3397 2149 3484 patriani,
2192 3400 2563 3542 amicosta..

569 3504 729 3554 mam,
757 3483 993 3562 filmera
1023 3484 1248 3563 denique
1277 3484 1445 3564 ipsam
1470 3484 1859 3569 cupiditatibus
1874 3486 1995 3567 suis
2021 3483 2344 3566 posthabere.
2466 3503 2559 3543 am

570 3563 916 3625 Dolabellam
962 3565 1206 3645 quidem,
1268 3569 1487 3626 immani
1538 3567 1759 3626 audacia
1800 3587 1960 3647 atque
1999 3565 2324 3626 crudelitate
2368 3563 2561 3624 latro-

570 3667 688 3705 nem
707 3689 723 3717 ,
754 3646 931 3728 factis
965 3648 1087 3726 ipsis
1120 3650 1360 3706 omnium
1383 3647 1581 3728 finam
1613 3647 1913 3729 populoque
1936 3649 2172 3709 Romano
2206 3666 2390 3706 recens
2420 3666 2558 3706 cou-

569 3728 783 3787 cordiae
822 3729 992 3811 cauffiz
1027 3727 1311 3806 constituta
1350 3731 1565 3813 violaffie
1586 3751 1605 3789 .·
1654 3732 1722 3791 C.
1771 3728 2093 3791 Trebonium
2114 3729 2280 3804 'Aliae
2310 3743 2559 3808 procon-

643 3919 787 3987 Cap.
816 3919 922 3973 ΙΙΙ.
965 3919 1090 3972 Cic.
1121 3916 1196 3972 ad
1221 3917 1343 3971 Au.
1384 3917 1465 3982 14,
1497 3934 1552 3986 9.
1587 3916 1723 3975 Dio.
1801 3918 1945 3988 Cap.
1979 3919 2083 3972 lv.
2130 3915 2256 3970 Cic.
2278 3913 2433 3967 Phil·
2467 3936 2558 3981 ιι,

576 3987 660 4041 13.
697 3997 755 4039 et
787 3986 859 4039 ad
886 3991 1046 4047 Fam.
1085 4005 1165 4052 n,
1205 4004 1250 4039 ι.
1308 3988 1522 4056 Supra,
1567 3990 1691 4054 ιι6,
1727 3987 1815 4053 84.
1874 3990 2010 4042 Jose
2055 3988 2114 4043 h.
2166 3983 2321 4038 Vell.
2358 4000 2425 4048 a,
2458 3987 2561 4051 oq.

573 4054 712 4107 Dio.
764 4056 1016 4127 Appian.
1067 4056 1191 4110 Cic.
1227 4053 1302 4108 ad
1328 4059 1498 4111 Fama
1524 4073 1603 4125 ια,
1646 4064 1727 4125 ⁸4·
1762 4066 1821 4111 et
1851 4059 1934 4112 15.
2058 4073 2150 4126 ap.
2190 4055 2263 4106 V.
2300 4052 2555 4125 Joseph.

576 4124 737 4183 Vella
772 4126 899 4184 Liv.
929 4124 1089 4196 Epit.
1125 4124 1381 4204 Appian.
1417 4123 1560 4184 Dio.
1627 4126 1774 4203 Gap.
1801 4126 1907 4185 Vl.
1947 4125 2074 4199 eia.
2100 4121 2250 4184 Phit.
2289 4138 2375 4190 ιι,
2408 4137 2467 4178 a.
