<?xml version="1.0" encoding="UTF-8"?>
<!DOCTYPE html PUBLIC "-//W3C//DTD XHTML 1.0 Transitional//EN"
    "http://www.w3.org/TR/xhtml1/DTD/xhtml1-transitional.dtd">
<html xmlns="http://www.w3.org/1999/xhtml" xml:lang="en" lang="en">
 <head>
  <title>
</title>
<meta http-equiv="Content-Type" content="text/html;charset=utf-8" />
  <meta name='ocr-system' content='tesseract 3.04.00' />
  <meta name='ocr-capabilities' content='ocr_page ocr_carea ocr_par ocr_line ocrx_word'/>
</head>
<body>
  <div class='ocr_page' id='page_1' title='image "./tliviipatavinih18unkngoog_0199.png"; bbox 0 0 2675 4642; ppageno 0'>
   <div class='ocr_carea' id='block_1_1' title="bbox 419 262 1537 345">
    <p class='ocr_par' dir='ltr' id='par_1_1' title="bbox 419 262 1537 345">
     <span class='ocr_line' id='line_1_1' title="bbox 419 262 1537 345; baseline -0.003 -1"><span class='ocrx_word' id='word_1_1' title='bbox 419 272 454 294; x_wconf 40' lang='grc' dir='ltr'>χ</span> <span class='ocrx_word' id='word_1_2' title='bbox 774 268 1185 345; x_wconf 80' lang='lat' dir='ltr'>LIBRI</span> <span class='ocrx_word' id='word_1_3' title='bbox 1269 262 1537 345; x_wconf 51' lang='lat' dir='ltr'><strong>CXV)</strong></span> 
     </span>
    </p>
   </div>
   <div class='ocr_carea' id='block_1_2' title="bbox 2100 296 2235 375">
    <p class='ocr_par' dir='ltr' id='par_1_2' title="bbox 2100 296 2235 375">
     <span class='ocr_line' id='line_1_2' title="bbox 2100 296 2235 375; baseline 0.037 -31"><span class='ocrx_word' id='word_1_4' title='bbox 2100 296 2235 375; x_wconf 63' lang='grc'><strong>191</strong></span> 
     </span>
    </p>
   </div>
   <div class='ocr_carea' id='block_1_3' title="bbox 78 500 2309 714">
    <p class='ocr_par' dir='ltr' id='par_1_3' title="bbox 78 500 2309 714">
     <span class='ocr_line' id='line_1_3' title="bbox 78 500 2244 590; baseline 0.003 -30"><span class='ocrx_word' id='word_1_5' title='bbox 78 515 254 565; x_wconf 76' lang='lat' dir='ltr'><strong>censa</strong></span> <span class='ocrx_word' id='word_1_6' title='bbox 302 502 481 562; x_wconf 76' lang='lat' dir='ltr'><strong>sunt</strong></span> <span class='ocrx_word' id='word_1_7' title='bbox 527 500 797 567; x_wconf 76' lang='lat' dir='ltr'><strong>civium</strong></span> <span class='ocrx_word' id='word_1_8' title='bbox 851 501 1087 583; x_wconf 79' lang='lat' dir='ltr'><strong>capita</strong></span> <span class='ocrx_word' id='word_1_9' title='bbox 1150 508 1439 575; x_wconf 62' lang='lat' dir='ltr'><strong>centum</strong></span> <span class='ocrx_word' id='word_1_10' title='bbox 1476 500 2025 590; x_wconf 66' lang='lat' dir='ltr'><strong>quinquaginta</strong></span> <span class='ocrx_word' id='word_1_11' title='bbox 2077 502 2244 575; x_wconf 81' lang='lat' dir='ltr'><strong>mil-</strong></span> 
     </span>
     <span class='ocr_line' id='line_1_4' title="bbox 81 621 2309 714; baseline 0.002 -23"><span class='ocrx_word' id='word_1_12' title='bbox 81 625 176 703; x_wconf 77' lang='lat' dir='ltr'><strong>lia,</strong></span> <span class='ocrx_word' id='word_1_13' title='bbox 268 621 807 711; x_wconf 79' lang='lat' dir='ltr'><strong>Profectusque</strong></span> <span class='ocrx_word' id='word_1_14' title='bbox 854 625 924 691; x_wconf 82' lang='lat' dir='ltr'><strong>in</strong></span> <span class='ocrx_word' id='word_1_15' title='bbox 970 625 1409 714; x_wconf 77' lang='lat' dir='ltr'><strong>Hispaniam</strong></span> <span class='ocrx_word' id='word_1_16' title='bbox 1460 623 1814 693; x_wconf 72' lang='lat' dir='ltr'><strong>adversus</strong></span> <span class='ocrx_word' id='word_1_17' title='bbox 1862 625 1986 694; x_wconf 79' lang='lat' dir='ltr'><strong>Cn.</strong></span> <span class='ocrx_word' id='word_1_18' title='bbox 2023 629 2240 696; x_wconf 77' lang='lat' dir='ltr'><strong>Pom·</strong></span> <span class='ocrx_word' id='word_1_19' title='bbox 2295 634 2309 647; x_wconf 84' lang='lat'><strong><em>&#39;</em></strong></span> 
     </span>
    </p>
   </div>
   <div class='ocr_carea' id='block_1_4' title="bbox 87 865 2247 1010">
    <p class='ocr_par' dir='ltr' id='par_1_4' title="bbox 87 865 2247 1010">
     <span class='ocr_line' id='line_1_5' title="bbox 87 865 2247 947; baseline 0.002 -27"><span class='ocrx_word' id='word_1_20' title='bbox 87 885 182 922; x_wconf 80' lang='lat' dir='ltr'><strong>men</strong></span> <span class='ocrx_word' id='word_1_21' title='bbox 211 866 364 922; x_wconf 84' lang='lat' dir='ltr'><strong>bene</strong></span> <span class='ocrx_word' id='word_1_22' title='bbox 407 867 623 925; x_wconf 82' lang='lat' dir='ltr'><strong>habet.</strong></span> <span class='ocrx_word' id='word_1_23' title='bbox 692 866 913 923; x_wconf 82' lang='lat' dir='ltr'>Scribit</span> <span class='ocrx_word' id='word_1_24' title='bbox 951 866 1114 923; x_wconf 83' lang='lat' dir='ltr'><strong>enim</strong></span> <span class='ocrx_word' id='word_1_25' title='bbox 1177 876 1367 932; x_wconf 81' lang='lat' dir='ltr'><strong>notat,</strong></span> <span class='ocrx_word' id='word_1_26' title='bbox 1392 865 1647 923; x_wconf 86' lang='lat' dir='ltr'><strong>Dionem</strong></span> <span class='ocrx_word' id='word_1_27' title='bbox 1665 867 1891 940; x_wconf 85' lang='lat' dir='ltr'><strong>optime</strong></span> <span class='ocrx_word' id='word_1_28' title='bbox 1905 866 1978 922; x_wconf 88' lang='lat' dir='ltr'><strong>de</strong></span> <span class='ocrx_word' id='word_1_29' title='bbox 1993 886 2247 947; x_wconf 66' lang='lat' dir='ltr'><strong>recensu</strong></span> 
     </span>
     <span class='ocr_line' id='line_1_6' title="bbox 87 935 2245 1010; baseline 0.001 -19"><span class='ocrx_word' id='word_1_30' title='bbox 87 938 186 1002; x_wconf 82' lang='lat' dir='ltr'><strong>Dio,</strong></span> <span class='ocrx_word' id='word_1_31' title='bbox 213 956 318 1008; x_wconf 87' lang='lat' dir='ltr'><strong>pro</strong></span> <span class='ocrx_word' id='word_1_32' title='bbox 354 935 601 991; x_wconf 82' lang='lat' dir='ltr'><strong>duabus</strong></span> <span class='ocrx_word' id='word_1_33' title='bbox 629 948 688 991; x_wconf 87' lang='lat' dir='ltr'><strong>et</strong></span> <span class='ocrx_word' id='word_1_34' title='bbox 720 937 957 1010; x_wconf 81' lang='lat' dir='ltr'><strong>triginta</strong></span> <span class='ocrx_word' id='word_1_35' title='bbox 990 955 1109 1007; x_wconf 79' lang='lat' dir='ltr'><strong>my·</strong></span> <span class='ocrx_word' id='word_1_36' title='bbox 1177 952 1400 1002; x_wconf 85' lang='lat' dir='ltr'><strong>eorum,</strong></span> <span class='ocrx_word' id='word_1_37' title='bbox 1422 937 1522 1008; x_wconf 87' lang='lat' dir='ltr'><strong>qui</strong></span> <span class='ocrx_word' id='word_1_38' title='bbox 1542 936 1897 992; x_wconf 78' lang='lat' dir='ltr'><strong>frumentum</strong></span> <span class='ocrx_word' id='word_1_39' title='bbox 1914 936 1986 991; x_wconf 90' lang='lat' dir='ltr'><strong>de</strong></span> <span class='ocrx_word' id='word_1_40' title='bbox 2002 937 2245 1009; x_wconf 85' lang='lat' dir='ltr'><strong>publico</strong></span> 
     </span>
    </p>
   </div>
   <div class='ocr_carea' id='block_1_5' title="bbox 75 1005 1131 4238">
    <p class='ocr_par' dir='ltr' id='par_1_5' title="bbox 80 1005 1115 1422">
     <span class='ocr_line' id='line_1_7' title="bbox 85 1005 1110 1078; baseline 0.001 -20"><span class='ocrx_word' id='word_1_41' title='bbox 85 1005 296 1061; x_wconf 74' lang='lat' dir='ltr'><strong>riadibus</strong></span> <span class='ocrx_word' id='word_1_42' title='bbox 327 1008 600 1071; x_wconf 65' lang='lat' dir='ltr'><strong>civium,</strong></span> <span class='ocrx_word' id='word_1_43' title='bbox 636 1023 787 1078; x_wconf 88' lang='lat' dir='ltr'><strong>quae</strong></span> <span class='ocrx_word' id='word_1_44' title='bbox 821 1017 955 1060; x_wconf 85' lang='lat' dir='ltr'><strong>ante</strong></span> <span class='ocrx_word' id='word_1_45' title='bbox 984 1007 1110 1059; x_wconf 85' lang='lat' dir='ltr'><strong>bel·</strong></span> 
     </span>
     <span class='ocr_line' id='line_1_8' title="bbox 81 1072 1111 1147; baseline 0.002 -21"><span class='ocrx_word' id='word_1_46' title='bbox 81 1074 168 1126; x_wconf 81' lang='lat' dir='ltr'><strong>lum</strong></span> <span class='ocrx_word' id='word_1_47' title='bbox 195 1075 359 1128; x_wconf 83' lang='lat' dir='ltr'><strong>civile</strong></span> <span class='ocrx_word' id='word_1_48' title='bbox 396 1091 620 1128; x_wconf 81' lang='lat' dir='ltr'><strong>censae</strong></span> <span class='ocrx_word' id='word_1_49' title='bbox 648 1085 817 1141; x_wconf 86' lang='lat' dir='ltr'><strong>sunt,</strong></span> <span class='ocrx_word' id='word_1_50' title='bbox 865 1072 1111 1147; x_wconf 82' lang='lat' dir='ltr'><strong>quinde-</strong></span> 
     </span>
     <span class='ocr_line' id='line_1_9' title="bbox 81 1143 1109 1214; baseline 0.001 -18"><span class='ocrx_word' id='word_1_51' title='bbox 81 1143 162 1196; x_wconf 75' lang='lat' dir='ltr'><strong>cim</strong></span> <span class='ocrx_word' id='word_1_52' title='bbox 186 1143 401 1198; x_wconf 68' lang='lat' dir='ltr'><strong>tantum</strong></span> <span class='ocrx_word' id='word_1_53' title='bbox 441 1161 652 1198; x_wconf 84' lang='lat' dir='ltr'><strong>censas</strong></span> <span class='ocrx_word' id='word_1_54' title='bbox 680 1143 791 1196; x_wconf 87' lang='lat' dir='ltr'><strong>boc</strong></span> <span class='ocrx_word' id='word_1_55' title='bbox 819 1146 1109 1214; x_wconf 85' lang='lat' dir='ltr'><strong>tempore,</strong></span> 
     </span>
     <span class='ocr_line' id='line_1_10' title="bbox 80 1210 1109 1284; baseline -0.004 -17"><span class='ocrx_word' id='word_1_56' title='bbox 80 1213 274 1284; x_wconf 83' lang='lat' dir='ltr'><strong>reliquis</strong></span> <span class='ocrx_word' id='word_1_57' title='bbox 315 1211 499 1267; x_wconf 84' lang='lat' dir='ltr'><strong>bello</strong></span> <span class='ocrx_word' id='word_1_58' title='bbox 559 1210 722 1266; x_wconf 83' lang='lat' dir='ltr'><strong>civili</strong></span> <span class='ocrx_word' id='word_1_59' title='bbox 764 1210 965 1267; x_wconf 83' lang='lat' dir='ltr'><strong>absum</strong></span> <span class='ocrx_word' id='word_1_60' title='bbox 1015 1211 1109 1265; x_wconf 83' lang='lat' dir='ltr'><strong>tis.</strong></span> 
     </span>
     <span class='ocr_line' id='line_1_11' title="bbox 80 1279 1114 1352; baseline -0.001 -18"><span class='ocrx_word' id='word_1_61' title='bbox 80 1283 133 1334; x_wconf 82' lang='lat' dir='ltr'><strong>Et</strong></span> <span class='ocrx_word' id='word_1_62' title='bbox 162 1282 457 1352; x_wconf 59' lang='lat' dir='ltr'><strong>appianus</strong></span> <span class='ocrx_word' id='word_1_63' title='bbox 500 1286 620 1347; x_wconf 82' lang='lat' dir='ltr'><strong>a‘it,</strong></span> <span class='ocrx_word' id='word_1_64' title='bbox 663 1280 767 1336; x_wconf 76' lang='lat' dir='ltr'><strong>‚vix</strong></span> <span class='ocrx_word' id='word_1_65' title='bbox 813 1279 953 1334; x_wconf 87' lang='lat' dir='ltr'><strong>dimi</strong></span> <span class='ocrx_word' id='word_1_66' title='bbox 998 1282 1114 1334; x_wconf 88' lang='lat' dir='ltr'><strong>iam</strong></span> 
     </span>
     <span class='ocr_line' id='line_1_12' title="bbox 113 1349 1115 1422; baseline -0.002 -18"><span class='ocrx_word' id='word_1_67' title='bbox 113 1361 260 1405; x_wconf 79' lang='lat' dir='ltr'><strong>artem</strong></span> <span class='ocrx_word' id='word_1_68' title='bbox 292 1349 548 1412; x_wconf 81' lang='lat' dir='ltr'><strong>civium,</strong></span> <span class='ocrx_word' id='word_1_69' title='bbox 587 1365 739 1422; x_wconf 82' lang='lat' dir='ltr'><strong>quae</strong></span> <span class='ocrx_word' id='word_1_70' title='bbox 776 1360 910 1404; x_wconf 85' lang='lat' dir='ltr'><strong>ante</strong></span> <span class='ocrx_word' id='word_1_71' title='bbox 931 1349 1115 1405; x_wconf 79' lang='lat' dir='ltr'><strong>civile</strong></span> 
     </span>
    </p>

    <p class='ocr_par' dir='ltr' id='par_1_6' title="bbox 75 1418 1131 4238">
     <span class='ocr_line' id='line_1_13' title="bbox 115 1418 1115 1484; baseline 0 -13"><span class='ocrx_word' id='word_1_72' title='bbox 115 1421 254 1471; x_wconf 82' lang='lat' dir='ltr'><strong>ellum</strong></span> <span class='ocrx_word' id='word_1_73' title='bbox 283 1418 678 1484; x_wconf 78' lang='lat' dir='ltr'><strong>censebatur,</strong></span> <span class='ocrx_word' id='word_1_74' title='bbox 716 1419 827 1472; x_wconf 77' lang='lat' dir='ltr'><strong>effe</strong></span> <span class='ocrx_word' id='word_1_75' title='bbox 857 1436 1115 1477; x_wconf 80' lang='lat' dir='ltr'><strong>censam.</strong></span> 
     </span>
     <span class='ocr_line' id='line_1_14' title="bbox 83 1487 1116 1571; baseline 0 -30"><span class='ocrx_word' id='word_1_76' title='bbox 83 1487 283 1542; x_wconf 73' lang='lat' dir='ltr'><strong>sleoN.</strong></span> <span class='ocrx_word' id='word_1_77' title='bbox 302 1488 697 1540; x_wconf 73' lang='lat' dir='ltr'><strong>Plutarchum</strong></span> <span class='ocrx_word' id='word_1_78' title='bbox 716 1487 924 1554; x_wconf 78' lang='lat' dir='ltr'><strong>voluit,</strong></span> <span class='ocrx_word' id='word_1_79' title='bbox 942 1498 1116 1571; x_wconf 79' lang='lat' dir='ltr'><strong>puto,</strong></span> 
     </span>
     <span class='ocr_line' id='line_1_15' title="bbox 84 1555 1114 1628; baseline -0.002 -18"><span class='ocrx_word' id='word_1_80' title='bbox 84 1555 298 1610; x_wconf 78' lang='lat' dir='ltr'><strong>scribere</strong></span> <span class='ocrx_word' id='word_1_81' title='bbox 342 1555 678 1628; x_wconf 80' lang='lat' dir='ltr'><strong>Sigonius,</strong></span> <span class='ocrx_word' id='word_1_82' title='bbox 731 1574 843 1626; x_wconf 84' lang='lat' dir='ltr'><strong>pro</strong></span> <span class='ocrx_word' id='word_1_83' title='bbox 886 1560 1114 1613; x_wconf 78' lang='lat' dir='ltr'><strong>Dione:</strong></span> 
     </span>
     <span class='ocr_line' id='line_1_16' title="bbox 85 1624 1115 1698; baseline 0 -20"><span class='ocrx_word' id='word_1_84' title='bbox 85 1643 185 1678; x_wconf 76' lang='lat' dir='ltr'><strong>nam</strong></span> <span class='ocrx_word' id='word_1_85' title='bbox 208 1626 262 1678; x_wconf 88' lang='lat' dir='ltr'><strong>in</strong></span> <span class='ocrx_word' id='word_1_86' title='bbox 278 1624 484 1679; x_wconf 88' lang='lat' dir='ltr'><strong>Dione</strong></span> <span class='ocrx_word' id='word_1_87' title='bbox 520 1625 631 1678; x_wconf 87' lang='lat' dir='ltr'><strong>hoc</strong></span> <span class='ocrx_word' id='word_1_88' title='bbox 660 1641 946 1697; x_wconf 77' lang='lat' dir='ltr'><strong>nusquam</strong></span> <span class='ocrx_word' id='word_1_89' title='bbox 974 1624 1115 1698; x_wconf 44' lang='lat' dir='ltr'><strong>legi?</strong></span> 
     </span>
     <span class='ocr_line' id='line_1_17' title="bbox 86 1691 1117 1749; baseline 0.003 -5"><span class='ocrx_word' id='word_1_90' title='bbox 86 1702 173 1747; x_wconf 81' lang='lat' dir='ltr'><strong>tur.</strong></span> <span class='ocrx_word' id='word_1_91' title='bbox 201 1691 309 1747; x_wconf 87' lang='lat' dir='ltr'><strong>Sed</strong></span> <span class='ocrx_word' id='word_1_92' title='bbox 322 1693 715 1747; x_wconf 79' lang='lat' dir='ltr'><strong>Plutarchum</strong></span> <span class='ocrx_word' id='word_1_93' title='bbox 734 1705 792 1747; x_wconf 84' lang='lat' dir='ltr'><strong>et</strong></span> <span class='ocrx_word' id='word_1_94' title='bbox 806 1699 1117 1749; x_wconf 78' lang='lat' dir='ltr'><strong>Auctorem</strong></span> 
     </span>
     <span class='ocr_line' id='line_1_18' title="bbox 89 1761 1119 1833; baseline 0.004 -20"><span class='ocrx_word' id='word_1_95' title='bbox 89 1761 334 1833; x_wconf 79' lang='lat' dir='ltr'><strong>Epitomes</strong></span> <span class='ocrx_word' id='word_1_96' title='bbox 364 1762 597 1815; x_wconf 78' lang='lat' dir='ltr'><strong>errall&#39;e</strong></span> <span class='ocrx_word' id='word_1_97' title='bbox 617 1796 636 1829; x_wconf 88' lang='lat'><strong>,</strong></span> <span class='ocrx_word' id='word_1_98' title='bbox 669 1762 769 1833; x_wconf 84' lang='lat' dir='ltr'><strong>qui</strong></span> <span class='ocrx_word' id='word_1_99' title='bbox 787 1762 860 1817; x_wconf 86' lang='lat' dir='ltr'><strong>ad</strong></span> <span class='ocrx_word' id='word_1_100' title='bbox 879 1780 1119 1818; x_wconf 84' lang='lat' dir='ltr'><strong>censum</strong></span> 
     </span>
     <span class='ocr_line' id='line_1_19' title="bbox 95 1831 1119 1902; baseline 0 -20"><span class='ocrx_word' id='word_1_101' title='bbox 95 1832 227 1884; x_wconf 70' lang='lat' dir='ltr'><strong>totius</strong></span> <span class='ocrx_word' id='word_1_102' title='bbox 244 1831 452 1902; x_wconf 84' lang='lat' dir='ltr'><strong>populi</strong></span> <span class='ocrx_word' id='word_1_103' title='bbox 480 1849 516 1884; x_wconf 86' lang='lat' dir='ltr'><strong>a</strong></span> <span class='ocrx_word' id='word_1_104' title='bbox 538 1833 792 1886; x_wconf 75' lang='lat' dir='ltr'><strong>Caesare</strong></span> <span class='ocrx_word' id='word_1_105' title='bbox 818 1841 1009 1887; x_wconf 78' lang='lat' dir='ltr'><strong>actum</strong></span> <span class='ocrx_word' id='word_1_106' title='bbox 1027 1848 1119 1885; x_wconf 84' lang='lat' dir='ltr'><strong>re.</strong></span> 
     </span>
     <span class='ocr_line' id='line_1_20' title="bbox 95 1898 1121 1971; baseline 0.004 -20"><span class='ocrx_word' id='word_1_107' title='bbox 95 1898 313 1965; x_wconf 77' lang='lat' dir='ltr'><strong>tulerint,</strong></span> <span class='ocrx_word' id='word_1_108' title='bbox 366 1898 545 1971; x_wconf 89' lang='lat' dir='ltr'><strong>quod</strong></span> <span class='ocrx_word' id='word_1_109' title='bbox 596 1916 701 1953; x_wconf 83' lang='lat' dir='ltr'><strong>eos</strong></span> <span class='ocrx_word' id='word_1_110' title='bbox 747 1899 819 1955; x_wconf 87' lang='lat' dir='ltr'><strong>de</strong></span> <span class='ocrx_word' id='word_1_111' title='bbox 870 1917 1121 1955; x_wconf 83' lang='lat' dir='ltr'><strong>recensu</strong></span> 
     </span>
     <span class='ocr_line' id='line_1_21' title="bbox 95 1966 1119 2039; baseline 0 -19"><span class='ocrx_word' id='word_1_112' title='bbox 95 1985 272 2028; x_wconf 81' lang='lat' dir='ltr'><strong>eorum,</strong></span> <span class='ocrx_word' id='word_1_113' title='bbox 302 1974 402 2039; x_wconf 85' lang='lat' dir='ltr'><strong>qui</strong></span> <span class='ocrx_word' id='word_1_114' title='bbox 425 1969 800 2025; x_wconf 80' lang='lat' dir='ltr'><strong>frumentum</strong></span> <span class='ocrx_word' id='word_1_115' title='bbox 827 1966 900 2023; x_wconf 87' lang='lat' dir='ltr'><strong>de</strong></span> <span class='ocrx_word' id='word_1_116' title='bbox 960 1968 1119 2023; x_wconf 83' lang='lat' dir='ltr'><strong>ubli-</strong></span> 
     </span>
     <span class='ocr_line' id='line_1_22' title="bbox 99 2034 1117 2107; baseline 0.003 -20"><span class='ocrx_word' id='word_1_117' title='bbox 99 2053 151 2087; x_wconf 79' lang='lat' dir='ltr'><strong>co</strong></span> <span class='ocrx_word' id='word_1_118' title='bbox 177 2036 567 2107; x_wconf 78' lang='lat' dir='ltr'><strong>accipiebant,</strong></span> <span class='ocrx_word' id='word_1_119' title='bbox 619 2034 881 2093; x_wconf 69' lang='lat' dir='ltr'><strong>debuill&#39;e</strong></span> <span class='ocrx_word' id='word_1_120' title='bbox 959 2039 1117 2091; x_wconf 88' lang='lat' dir='ltr'><strong>icere</strong></span> 
     </span>
     <span class='ocr_line' id='line_1_23' title="bbox 105 2106 1119 2180; baseline 0.003 -25"><span class='ocrx_word' id='word_1_121' title='bbox 105 2120 157 2155; x_wconf 77' lang='lat' dir='ltr'><strong>ex</strong></span> <span class='ocrx_word' id='word_1_122' title='bbox 180 2106 382 2161; x_wconf 79' lang='lat' dir='ltr'><strong>Sueten.</strong></span> <span class='ocrx_word' id='word_1_123' title='bbox 420 2106 492 2159; x_wconf 85' lang='lat' dir='ltr'><strong>in</strong></span> <span class='ocrx_word' id='word_1_124' title='bbox 526 2107 698 2160; x_wconf 73' lang='lat' dir='ltr'><strong>CaeS.</strong></span> <span class='ocrx_word' id='word_1_125' title='bbox 720 2115 806 2173; x_wconf 72' lang='lat'><strong>41.</strong></span> <span class='ocrx_word' id='word_1_126' title='bbox 846 2117 1119 2180; x_wconf 84' lang='lat' dir='ltr'><strong>apertum</strong></span> 
     </span>
     <span class='ocr_line' id='line_1_24' title="bbox 105 2173 1114 2245; baseline 0.003 -20"><span class='ocrx_word' id='word_1_127' title='bbox 105 2174 186 2238; x_wconf 70' lang='lat' dir='ltr'><strong>est,</strong></span> <span class='ocrx_word' id='word_1_128' title='bbox 221 2173 538 2229; x_wconf 79' lang='lat' dir='ltr'><strong>docuerunt</strong></span> <span class='ocrx_word' id='word_1_129' title='bbox 576 2174 813 2245; x_wconf 81' lang='lat' dir='ltr'><strong>Lipsius</strong></span> <span class='ocrx_word' id='word_1_130' title='bbox 837 2198 890 2232; x_wconf 83' lang='grc' dir='ltr'><strong>ι.</strong></span> <span class='ocrx_word' id='word_1_131' title='bbox 928 2176 1114 2230; x_wconf 85' lang='lat' dir='ltr'><strong>Elect.</strong></span> 
     </span>
     <span class='ocr_line' id='line_1_25' title="bbox 97 2240 1117 2305; baseline 0.003 -12"><span class='ocrx_word' id='word_1_132' title='bbox 97 2240 146 2294; x_wconf 80' lang='lat'><strong>8.</strong></span> <span class='ocrx_word' id='word_1_133' title='bbox 171 2251 218 2293; x_wconf 85' lang='lat' dir='ltr'><strong>et</strong></span> <span class='ocrx_word' id='word_1_134' title='bbox 237 2261 302 2305; x_wconf 75' lang='lat'><strong>⁴27·</strong></span> <span class='ocrx_word' id='word_1_135' title='bbox 331 2255 388 2298; x_wconf 85' lang='lat' dir='ltr'><strong>et</strong></span> <span class='ocrx_word' id='word_1_136' title='bbox 408 2242 689 2297; x_wconf 84' lang='lat' dir='ltr'><strong>Rualdus</strong></span> <span class='ocrx_word' id='word_1_137' title='bbox 708 2243 1117 2300; x_wconf 70' lang='lat' dir='ltr'><strong>Animadvers.</strong></span> 
     </span>
     <span class='ocr_line' id='line_1_26' title="bbox 93 2310 1118 2385; baseline 0.003 -22"><span class='ocrx_word' id='word_1_138' title='bbox 93 2313 164 2376; x_wconf 72' lang='lat'><strong>²4·</strong></span> <span class='ocrx_word' id='word_1_139' title='bbox 191 2310 241 2362; x_wconf 84' lang='lat' dir='ltr'><strong>in</strong></span> <span class='ocrx_word' id='word_1_140' title='bbox 264 2312 667 2377; x_wconf 73' lang='lat' dir='ltr'><strong>Plutarchum,</strong></span> <span class='ocrx_word' id='word_1_141' title='bbox 710 2314 812 2385; x_wconf 83' lang='lat' dir='ltr'><strong>qui</strong></span> <span class='ocrx_word' id='word_1_142' title='bbox 839 2313 927 2368; x_wconf 85' lang='lat' dir='ltr'><strong>bis</strong></span> <span class='ocrx_word' id='word_1_143' title='bbox 958 2323 1118 2367; x_wconf 84' lang='lat' dir='ltr'><strong>recte</strong></span> 
     </span>
     <span class='ocr_line' id='line_1_27' title="bbox 89 2379 1117 2454; baseline 0.004 -24"><span class='ocrx_word' id='word_1_144' title='bbox 89 2379 270 2432; x_wconf 79' lang='lat' dir='ltr'><strong>socium</strong></span> <span class='ocrx_word' id='word_1_145' title='bbox 303 2380 554 2435; x_wconf 84' lang='lat' dir='ltr'><strong>erroris.</strong></span> <span class='ocrx_word' id='word_1_146' title='bbox 584 2380 750 2435; x_wconf 81' lang='lat' dir='ltr'><strong>addit</strong></span> <span class='ocrx_word' id='word_1_147' title='bbox 778 2382 826 2435; x_wconf 79' lang='lat' dir='ltr'>A</span> <span class='ocrx_word' id='word_1_148' title='bbox 876 2381 1033 2454; x_wconf 81' lang='lat' dir='ltr'><strong>pian.</strong></span> <span class='ocrx_word' id='word_1_149' title='bbox 1066 2399 1117 2435; x_wconf 73' lang='lat' dir='ltr'><strong>a.</strong></span> 
     </span>
     <span class='ocr_line' id='line_1_28' title="bbox 89 2447 1120 2522; baseline 0.003 -23"><span class='ocrx_word' id='word_1_150' title='bbox 89 2447 230 2519; x_wconf 57' lang='lat' dir='ltr'><strong>nivii,</strong></span> <span class='ocrx_word' id='word_1_151' title='bbox 253 2467 387 2522; x_wconf 61' lang='lat' dir='ltr'><strong>pag«</strong></span> <span class='ocrx_word' id='word_1_152' title='bbox 414 2450 553 2517; x_wconf 77' lang='lat'><strong>495.</strong></span> <span class='ocrx_word' id='word_1_153' title='bbox 604 2452 838 2504; x_wconf 88' lang='lat' dir='ltr'><strong>Plutarc</strong></span> <span class='ocrx_word' id='word_1_154' title='bbox 883 2469 978 2505; x_wconf 89' lang='lat' dir='ltr'><strong>um</strong></span> <span class='ocrx_word' id='word_1_155' title='bbox 999 2450 1120 2504; x_wconf 87' lang='lat' dir='ltr'><strong>-hoc</strong></span> 
     </span>
     <span class='ocr_line' id='line_1_29' title="bbox 85 2515 1117 2577; baseline 0.006 -9"><span class='ocrx_word' id='word_1_156' title='bbox 85 2515 278 2571; x_wconf 83' lang='lat' dir='ltr'><strong>nomine</strong></span> <span class='ocrx_word' id='word_1_157' title='bbox 308 2519 512 2571; x_wconf 80' lang='lat' dir='ltr'><strong>etiam·</strong></span> <span class='ocrx_word' id='word_1_158' title='bbox 529 2519 883 2577; x_wconf 80' lang='lat' dir='ltr'><strong>Torrentius</strong></span> <span class='ocrx_word' id='word_1_159' title='bbox 916 2530 977 2574; x_wconf 90' lang='lat' dir='ltr'><strong>et</strong></span> <span class='ocrx_word' id='word_1_160' title='bbox 1008 2519 1117 2573; x_wconf 83' lang='lat' dir='ltr'><strong>Ga·</strong></span> 
     </span>
     <span class='ocr_line' id='line_1_30' title="bbox 85 2585 1117 2642; baseline 0.007 -7"><span class='ocrx_word' id='word_1_161' title='bbox 85 2585 216 2639; x_wconf 82' lang='lat' dir='ltr'><strong>saub.</strong></span> <span class='ocrx_word' id='word_1_162' title='bbox 243 2585 313 2640; x_wconf 85' lang='lat' dir='ltr'><strong>ad</strong></span> <span class='ocrx_word' id='word_1_163' title='bbox 345 2589 610 2641; x_wconf 85' lang='lat' dir='ltr'><strong>Sueton.</strong></span> <span class='ocrx_word' id='word_1_164' title='bbox 647 2599 946 2642; x_wconf 83' lang='lat' dir='ltr'><strong>notarunt.</strong></span> <span class='ocrx_word' id='word_1_165' title='bbox 1001 2588 1117 2642; x_wconf 84' lang='lat' dir='ltr'><strong>No-</strong></span> 
     </span>
     <span class='ocr_line' id='line_1_31' title="bbox 85 2652 1121 2729; baseline 0.006 -26"><span class='ocrx_word' id='word_1_166' title='bbox 85 2652 220 2707; x_wconf 78' lang='lat' dir='ltr'><strong>risius</strong></span> <span class='ocrx_word' id='word_1_167' title='bbox 237 2655 484 2726; x_wconf 85' lang='lat' dir='ltr'><strong>quidem</strong></span> <span class='ocrx_word' id='word_1_168' title='bbox 505 2657 833 2729; x_wconf 86' lang='lat' dir='ltr'><strong>Cenotaph.</strong></span> <span class='ocrx_word' id='word_1_169' title='bbox 855 2657 972 2711; x_wconf 73' lang='lat' dir='ltr'><strong>Pis.</strong></span> <span class='ocrx_word' id='word_1_170' title='bbox 989 2655 1121 2710; x_wconf 86' lang='lat' dir='ltr'><strong>Dis-</strong></span> 
     </span>
     <span class='ocr_line' id='line_1_32' title="bbox 83 2724 1121 2797; baseline 0.005 -23"><span class='ocrx_word' id='word_1_171' title='bbox 83 2733 191 2776; x_wconf 79' lang='lat' dir='ltr'><strong>sert.</strong></span> <span class='ocrx_word' id='word_1_172' title='bbox 215 2743 259 2781; x_wconf 88' lang='grc' dir='ltr'><strong>ι.</strong></span> <span class='ocrx_word' id='word_1_173' title='bbox 288 2742 423 2796; x_wconf 86' lang='lat' dir='ltr'><strong>cap.</strong></span> <span class='ocrx_word' id='word_1_174' title='bbox 456 2744 515 2779; x_wconf 66' lang='grc' dir='ltr'><strong>α.</strong></span> <span class='ocrx_word' id='word_1_175' title='bbox 560 2724 796 2779; x_wconf 83' lang='lat' dir='ltr'><strong>videtur</strong></span> <span class='ocrx_word' id='word_1_176' title='bbox 830 2725 1121 2797; x_wconf 73' lang='lat' dir='ltr'><strong>probasse</strong></span> 
     </span>
     <span class='ocr_line' id='line_1_33' title="bbox 79 2790 1120 2867; baseline 0.006 -26"><span class='ocrx_word' id='word_1_177' title='bbox 79 2790 307 2845; x_wconf 82' lang='lat' dir='ltr'><strong>Panvinii</strong></span> <span class='ocrx_word' id='word_1_178' title='bbox 352 2806 416 2850; x_wconf 89' lang='lat' dir='ltr'><strong>et</strong></span> <span class='ocrx_word' id='word_1_179' title='bbox 454 2793 692 2867; x_wconf 80' lang='lat' dir='ltr'><strong>Sigonii</strong></span> <span class='ocrx_word' id='word_1_180' title='bbox 738 2798 1120 2859; x_wconf 87' lang='lat' dir='ltr'><strong>sententiam,</strong></span> 
     </span>
     <span class='ocr_line' id='line_1_34' title="bbox 81 2859 1124 2936; baseline 0.008 -25"><span class='ocrx_word' id='word_1_181' title='bbox 81 2859 158 2930; x_wconf 79' lang='lat' dir='ltr'><strong>qui</strong></span> <span class='ocrx_word' id='word_1_182' title='bbox 185 2859 329 2929; x_wconf 81' lang='lat' dir='ltr'><strong>illis,</strong></span> <span class='ocrx_word' id='word_1_183' title='bbox 384 2880 544 2936; x_wconf 83' lang='lat' dir='ltr'><strong>quos</strong></span> <span class='ocrx_word' id='word_1_184' title='bbox 587 2861 742 2930; x_wconf 82' lang='lat' dir='ltr'><strong>dixi,</strong></span> <span class='ocrx_word' id='word_1_185' title='bbox 780 2863 1124 2919; x_wconf 81' lang='lat' dir='ltr'><strong>auctoribus</strong></span> 
     </span>
     <span class='ocr_line' id='line_1_35' title="bbox 81 2932 1123 3002; baseline 0.007 -22"><span class='ocrx_word' id='word_1_186' title='bbox 81 2938 170 2980; x_wconf 78' lang='lat' dir='ltr'><strong>tam</strong></span> <span class='ocrx_word' id='word_1_187' title='bbox 193 2932 467 3002; x_wconf 82' lang='lat' dir='ltr'><strong>exiguum</strong></span> <span class='ocrx_word' id='word_1_188' title='bbox 494 2950 804 2985; x_wconf 88' lang='lat' dir='ltr'><strong>numerum</strong></span> <span class='ocrx_word' id='word_1_189' title='bbox 824 2932 1042 2987; x_wconf 83' lang='lat' dir='ltr'><strong>civium</strong></span> <span class='ocrx_word' id='word_1_190' title='bbox 1062 2932 1123 2987; x_wconf 85' lang='lat' dir='ltr'><strong>in</strong></span> 
     </span>
     <span class='ocr_line' id='line_1_36' title="bbox 82 2999 1124 3056; baseline 0.007 -8"><span class='ocrx_word' id='word_1_191' title='bbox 82 3013 226 3051; x_wconf 80' lang='lat' dir='ltr'><strong>censu</strong></span> <span class='ocrx_word' id='word_1_192' title='bbox 264 3000 549 3056; x_wconf 87' lang='lat' dir='ltr'><strong>Caesaris</strong></span> <span class='ocrx_word' id='word_1_193' title='bbox 597 3001 903 3056; x_wconf 82' lang='lat' dir='ltr'><strong>inventum</strong></span> <span class='ocrx_word' id='word_1_194' title='bbox 939 2999 1124 3055; x_wconf 73' lang='lat' dir='ltr'><strong>fuisse</strong></span> 
     </span>
     <span class='ocr_line' id='line_1_37' title="bbox 83 3065 1123 3139; baseline 0.004 -20"><span class='ocrx_word' id='word_1_195' title='bbox 83 3065 470 3124; x_wconf 70' lang='lat' dir='ltr'><strong>crediderumt</strong></span> <span class='ocrx_word' id='word_1_196' title='bbox 510 3068 891 3139; x_wconf 73' lang='lat' dir='ltr'><strong>sedelariora</strong></span> <span class='ocrx_word' id='word_1_197' title='bbox 916 3081 977 3123; x_wconf 88' lang='lat' dir='ltr'><strong>et</strong></span> <span class='ocrx_word' id='word_1_198' title='bbox 995 3074 1123 3125; x_wconf 82' lang='lat' dir='ltr'><strong>cer&#39;·</strong></span> 
     </span>
     <span class='ocr_line' id='line_1_38' title="bbox 80 3133 1125 3213; baseline 0.006 -28"><span class='ocrx_word' id='word_1_199' title='bbox 80 3133 205 3188; x_wconf 83' lang='lat' dir='ltr'><strong>tiora</strong></span> <span class='ocrx_word' id='word_1_200' title='bbox 219 3151 352 3194; x_wconf 81' lang='lat' dir='ltr'><strong>sunt</strong></span> <span class='ocrx_word' id='word_1_201' title='bbox 371 3144 745 3213; x_wconf 82' lang='lat' dir='ltr'><strong>argumenta,</strong></span> <span class='ocrx_word' id='word_1_202' title='bbox 762 3138 977 3212; x_wconf 86' lang='lat' dir='ltr'><strong>quibus</strong></span> <span class='ocrx_word' id='word_1_203' title='bbox 996 3155 1125 3192; x_wconf 85' lang='lat' dir='ltr'><strong>eam</strong></span> 
     </span>
     <span class='ocr_line' id='line_1_39' title="bbox 80 3201 1128 3292; baseline 0.009 -41"><span class='ocrx_word' id='word_1_204' title='bbox 80 3201 173 3254; x_wconf 72' lang='lat' dir='ltr'><strong>viri</strong></span> <span class='ocrx_word' id='word_1_205' title='bbox 197 3203 353 3263; x_wconf 86' lang='lat' dir='ltr'><strong>docti</strong></span> <span class='ocrx_word' id='word_1_206' title='bbox 385 3209 837 3280; x_wconf 78' lang='lat' dir='ltr'><strong>impugnarunt,</strong></span> <span class='ocrx_word' id='word_1_207' title='bbox 868 3222 1044 3292; x_wconf 81' lang='lat' dir='ltr'><strong>quam</strong></span> <span class='ocrx_word' id='word_1_208' title='bbox 1061 3217 1128 3261; x_wconf 86' lang='lat' dir='ltr'><strong>ut</strong></span> 
     </span>
     <span class='ocr_line' id='line_1_40' title="bbox 89 3266 1123 3332; baseline 0.007 -10"><span class='ocrx_word' id='word_1_209' title='bbox 89 3266 144 3322; x_wconf 73' lang='lat' dir='ltr'><strong>«le</strong></span> <span class='ocrx_word' id='word_1_210' title='bbox 167 3289 360 3330; x_wconf 82' lang='lat' dir='ltr'><strong>errore</strong></span> <span class='ocrx_word' id='word_1_211' title='bbox 395 3294 608 3329; x_wconf 87' lang='lat' dir='ltr'><strong>eorum</strong></span> <span class='ocrx_word' id='word_1_212' title='bbox 640 3276 899 3332; x_wconf 79' lang='lat' dir='ltr'><strong>dubitari</strong></span> <span class='ocrx_word' id='word_1_213' title='bbox 974 3277 1123 3330; x_wconf 78' lang='lat' dir='ltr'><strong>offit.</strong></span> 
     </span>
     <span class='ocr_line' id='line_1_41' title="bbox 79 3337 1125 3417; baseline 0.002 -22"><span class='ocrx_word' id='word_1_214' title='bbox 79 3337 160 3390; x_wconf 70' lang='lat' dir='ltr'><strong>An</strong></span> <span class='ocrx_word' id='word_1_215' title='bbox 185 3342 400 3400; x_wconf 78' lang='lat' dir='ltr'><strong>Caesar</strong></span> <span class='ocrx_word' id='word_1_216' title='bbox 443 3362 681 3399; x_wconf 81' lang='lat' dir='ltr'><strong>censum</strong></span> <span class='ocrx_word' id='word_1_217' title='bbox 713 3345 899 3401; x_wconf 88' lang='lat' dir='ltr'><strong>ullum</strong></span> <span class='ocrx_word' id='word_1_218' title='bbox 958 3345 1125 3417; x_wconf 79' lang='lat' dir='ltr'><strong>egiti-</strong></span> 
     </span>
     <span class='ocr_line' id='line_1_42' title="bbox 86 3411 1127 3486; baseline 0.011 -26"><span class='ocrx_word' id='word_1_219' title='bbox 86 3420 208 3461; x_wconf 84' lang='lat' dir='ltr'><strong>mum</strong></span> <span class='ocrx_word' id='word_1_220' title='bbox 221 3413 439 3485; x_wconf 76' lang='lat' dir='ltr'><strong>egerit,</strong></span> <span class='ocrx_word' id='word_1_221' title='bbox 461 3411 696 3469; x_wconf 82' lang='lat' dir='ltr'><strong>dubitat</strong></span> <span class='ocrx_word' id='word_1_222' title='bbox 712 3417 778 3469; x_wconf 83' lang='lat' dir='ltr'><strong>Li</strong></span> <span class='ocrx_word' id='word_1_223' title='bbox 827 3418 964 3484; x_wconf 84' lang='lat' dir='ltr'><strong>sius,</strong></span> <span class='ocrx_word' id='word_1_224' title='bbox 986 3414 1127 3486; x_wconf 75' lang='lat' dir='ltr'><strong>quia</strong></span> 
     </span>
     <span class='ocr_line' id='line_1_43' title="bbox 79 3481 1125 3553; baseline 0.006 -23"><span class='ocrx_word' id='word_1_225' title='bbox 79 3491 179 3530; x_wconf 84' lang='lat' dir='ltr'><strong>non</strong></span> <span class='ocrx_word' id='word_1_226' title='bbox 196 3491 557 3537; x_wconf 83' lang='lat' dir='ltr'><strong>monuerunt</strong></span> <span class='ocrx_word' id='word_1_227' title='bbox 577 3481 655 3549; x_wconf 87' lang='lat' dir='ltr'><strong>id,</strong></span> <span class='ocrx_word' id='word_1_228' title='bbox 697 3494 761 3538; x_wconf 90' lang='lat' dir='ltr'><strong>ut</strong></span> <span class='ocrx_word' id='word_1_229' title='bbox 821 3484 941 3553; x_wconf 85' lang='lat' dir='ltr'><strong>icit,</strong></span> <span class='ocrx_word' id='word_1_230' title='bbox 976 3486 1125 3540; x_wconf 87' lang='lat' dir='ltr'><strong>Sue-</strong></span> 
     </span>
     <span class='ocr_line' id='line_1_44' title="bbox 78 3550 1124 3609; baseline 0.011 -11"><span class='ocrx_word' id='word_1_231' title='bbox 78 3552 179 3600; x_wconf 76' lang='lat' dir='ltr'><strong>ton.</strong></span> <span class='ocrx_word' id='word_1_232' title='bbox 217 3561 318 3604; x_wconf 82' lang='lat' dir='ltr'><strong>aut</strong></span> <span class='ocrx_word' id='word_1_233' title='bbox 356 3550 504 3603; x_wconf 86' lang='lat' dir='ltr'><strong>Dio.</strong></span> <span class='ocrx_word' id='word_1_234' title='bbox 563 3554 788 3607; x_wconf 89' lang='lat' dir='ltr'><strong>Verum</strong></span> <span class='ocrx_word' id='word_1_235' title='bbox 824 3553 895 3608; x_wconf 86' lang='lat' dir='ltr'><strong>de</strong></span> <span class='ocrx_word' id='word_1_236' title='bbox 928 3555 1124 3609; x_wconf 86' lang='lat' dir='ltr'><strong>Dione</strong></span> 
     </span>
     <span class='ocr_line' id='line_1_45' title="bbox 75 3610 1127 3694; baseline 0.011 -29"><span class='ocrx_word' id='word_1_237' title='bbox 75 3610 293 3672; x_wconf 70' lang='lat' dir='ltr'><strong>fallitur.</strong></span> <span class='ocrx_word' id='word_1_238' title='bbox 347 3619 503 3683; x_wconf 74' lang='lat' dir='ltr'><strong>Nam</strong></span> <span class='ocrx_word' id='word_1_239' title='bbox 522 3617 697 3686; x_wconf 79' lang='lat' dir='ltr'><strong>hunc,</strong></span> <span class='ocrx_word' id='word_1_240' title='bbox 723 3623 1018 3694; x_wconf 86' lang='lat' dir='ltr'><strong>postquam</strong></span> <span class='ocrx_word' id='word_1_241' title='bbox 1038 3622 1127 3689; x_wconf 72' lang='grc'><strong>43,</strong></span> 
     </span>
     <span class='ocr_line' id='line_1_46' title="bbox 75 3685 1126 3762; baseline 0.002 -21"><span class='ocrx_word' id='word_1_242' title='bbox 75 3688 174 3749; x_wconf 64' lang='lat'><strong>²²4·</strong></span> <span class='ocrx_word' id='word_1_243' title='bbox 215 3685 289 3740; x_wconf 86' lang='lat' dir='ltr'><strong>de</strong></span> <span class='ocrx_word' id='word_1_244' title='bbox 337 3703 600 3743; x_wconf 83' lang='lat' dir='ltr'><strong>numero</strong></span> <span class='ocrx_word' id='word_1_245' title='bbox 638 3705 845 3747; x_wconf 81' lang='lat' dir='ltr'><strong>eorum</strong></span> <span class='ocrx_word' id='word_1_246' title='bbox 888 3700 1126 3762; x_wconf 76' lang='lat' dir='ltr'><strong>egerat,</strong></span> 
     </span>
     <span class='ocr_line' id='line_1_47' title="bbox 78 3753 1127 3818; baseline 0 -7"><span class='ocrx_word' id='word_1_247' title='bbox 78 3765 198 3818; x_wconf 74' lang='lat' dir='ltr'><strong>quos</strong></span> <span class='ocrx_word' id='word_1_248' title='bbox 229 3753 306 3808; x_wconf 83' lang='lat' dir='ltr'><strong>ad</strong></span> <span class='ocrx_word' id='word_1_249' title='bbox 335 3757 865 3813; x_wconf 78' lang='lat' dir='ltr'><strong>frumentationem</strong></span> <span class='ocrx_word' id='word_1_250' title='bbox 898 3756 1127 3814; x_wconf 78' lang='lat' dir='ltr'><strong>admitti</strong></span> 
     </span>
     <span class='ocr_line' id='line_1_48' title="bbox 76 3820 1126 3902; baseline 0.011 -34"><span class='ocrx_word' id='word_1_251' title='bbox 76 3820 291 3877; x_wconf 75' lang='lat' dir='ltr'><strong>volebat</strong></span> <span class='ocrx_word' id='word_1_252' title='bbox 312 3825 563 3887; x_wconf 83' lang='lat' dir='ltr'><strong>Caesar,</strong></span> <span class='ocrx_word' id='word_1_253' title='bbox 603 3824 812 3880; x_wconf 83' lang='lat' dir='ltr'><strong>deinde</strong></span> <span class='ocrx_word' id='word_1_254' title='bbox 844 3846 978 3902; x_wconf 83' lang='lat' dir='ltr'><strong>pag.</strong></span> <span class='ocrx_word' id='word_1_255' title='bbox 1008 3830 1126 3883; x_wconf 72' lang='lat'><strong>226.</strong></span> 
     </span>
     <span class='ocr_line' id='line_1_49' title="bbox 78 3889 1128 3967; baseline 0.015 -30"><span class='ocrx_word' id='word_1_256' title='bbox 78 3889 318 3946; x_wconf 79' lang='lat' dir='ltr'><strong>scrihere</strong></span> <span class='ocrx_word' id='word_1_257' title='bbox 339 3932 358 3959; x_wconf 89' lang='lat'>‚</span> <span class='ocrx_word' id='word_1_258' title='bbox 406 3910 439 3944; x_wconf 87' lang='lat' dir='ltr'><strong>a</strong></span> <span class='ocrx_word' id='word_1_259' title='bbox 472 3890 721 3947; x_wconf 82' lang='lat' dir='ltr'><strong>Caesare</strong></span> <span class='ocrx_word' id='word_1_260' title='bbox 755 3913 989 3959; x_wconf 77' lang='lat' dir='ltr'><strong>censum</strong></span> <span class='ocrx_word' id='word_1_261' title='bbox 1021 3914 1128 3967; x_wconf 84' lang='lat' dir='ltr'><strong>po-</strong></span> 
     </span>
     <span class='ocr_line' id='line_1_50' title="bbox 76 3958 1124 4034; baseline 0.01 -27"><span class='ocrx_word' id='word_1_262' title='bbox 76 3958 209 4034; x_wconf 70' lang='lat' dir='ltr'><strong>puli,</strong></span> <span class='ocrx_word' id='word_1_263' title='bbox 246 3971 314 4014; x_wconf 83' lang='lat' dir='ltr'><strong>ut</strong></span> <span class='ocrx_word' id='word_1_264' title='bbox 353 3976 646 4027; x_wconf 85' lang='lat' dir='ltr'><strong>censore,</strong></span> <span class='ocrx_word' id='word_1_265' title='bbox 683 3974 903 4030; x_wconf 83' lang='lat' dir='ltr'><strong>actum,</strong></span> <span class='ocrx_word' id='word_1_266' title='bbox 941 3967 1124 4019; x_wconf 86' lang='lat' dir='ltr'><strong>osten-</strong></span> 
     </span>
     <span class='ocr_line' id='line_1_51' title="bbox 77 4024 1130 4093; baseline 0.011 -16"><span class='ocrx_word' id='word_1_267' title='bbox 77 4024 158 4093; x_wconf 65' lang='lat' dir='ltr'><strong>dut,</strong></span> <span class='ocrx_word' id='word_1_268' title='bbox 197 4045 263 4082; x_wconf 90' lang='lat' dir='ltr'><strong>ac</strong></span> <span class='ocrx_word' id='word_1_269' title='bbox 293 4026 486 4082; x_wconf 81' lang='lat' dir='ltr'><strong>simul</strong></span> <span class='ocrx_word' id='word_1_270' title='bbox 516 4030 730 4084; x_wconf 79' lang='lat' dir='ltr'><strong>erroris</strong></span> <span class='ocrx_word' id='word_1_271' title='bbox 750 4034 942 4088; x_wconf 69' lang='lat' dir='ltr'><strong>arnuit</strong></span> <span class='ocrx_word' id='word_1_272' title='bbox 958 4033 1130 4088; x_wconf 87' lang='lat' dir='ltr'><strong>Rual·</strong></span> 
     </span>
     <span class='ocr_line' id='line_1_52' title="bbox 77 4075 1131 4175; baseline 0.013 -32"><span class='ocrx_word' id='word_1_273' title='bbox 77 4091 191 4148; x_wconf 79' lang='lat' dir='ltr'><strong>dus:</strong></span> <span class='ocrx_word' id='word_1_274' title='bbox 241 4094 419 4173; x_wconf 84' lang='lat' dir='ltr'><strong>quod</strong></span> <span class='ocrx_word' id='word_1_275' title='bbox 450 4075 857 4155; x_wconf 65' lang='lat' dir='ltr'><strong>Gasauhonur’r’i</strong></span> <span class='ocrx_word' id='word_1_276' title='bbox 892 4120 1131 4175; x_wconf 83' lang='lat' dir='ltr'><strong>quoque</strong></span> 
     </span>
     <span class='ocr_line' id='line_1_53' title="bbox 76 4161 1130 4238; baseline 0.011 -24"><span class='ocrx_word' id='word_1_277' title='bbox 76 4177 175 4216; x_wconf 79' lang='lat' dir='ltr'><strong>non</strong></span> <span class='ocrx_word' id='word_1_278' title='bbox 201 4164 452 4238; x_wconf 83' lang='lat' dir='ltr'><strong>fugerat</strong></span> <span class='ocrx_word' id='word_1_279' title='bbox 468 4201 493 4233; x_wconf 84' lang='lat'><strong>,</strong></span> <span class='ocrx_word' id='word_1_280' title='bbox 538 4161 631 4235; x_wconf 81' lang='lat' dir='ltr'><strong>qui</strong></span> <span class='ocrx_word' id='word_1_281' title='bbox 658 4165 729 4221; x_wconf 86' lang='lat' dir='ltr'><strong>ad</strong></span> <span class='ocrx_word' id='word_1_282' title='bbox 753 4169 998 4229; x_wconf 82' lang='lat' dir='ltr'><strong>Sueten.</strong></span> <span class='ocrx_word' id='word_1_283' title='bbox 1030 4170 1130 4228; x_wconf 86' lang='lat' dir='ltr'><strong>ad-</strong></span> 
     </span>
    </p>
   </div>
   <div class='ocr_carea' id='block_1_6' title="bbox 1180 1005 2250 1699">
    <p class='ocr_par' dir='ltr' id='par_1_7' title="bbox 1180 1005 2250 1699">
     <span class='ocr_line' id='line_1_54' title="bbox 1180 1005 2248 1077; baseline 0.003 -19"><span class='ocrx_word' id='word_1_284' title='bbox 1180 1005 1588 1077; x_wconf 86' lang='lat' dir='ltr'><strong>accipiebant,</strong></span> <span class='ocrx_word' id='word_1_285' title='bbox 1624 1007 1728 1061; x_wconf 82' lang='lat' dir='ltr'><strong>sed</strong></span> <span class='ocrx_word' id='word_1_286' title='bbox 1760 1007 1900 1061; x_wconf 85' lang='lat' dir='ltr'><strong>alibi</strong></span> <span class='ocrx_word' id='word_1_287' title='bbox 1935 1010 2125 1061; x_wconf 87' lang='lat' dir='ltr'><strong>minus</strong></span> <span class='ocrx_word' id='word_1_288' title='bbox 2152 1023 2248 1061; x_wconf 89' lang='lat' dir='ltr'><strong>re·</strong></span> 
     </span>
     <span class='ocr_line' id='line_1_55' title="bbox 1183 1073 2249 1146; baseline 0.003 -20"><span class='ocrx_word' id='word_1_289' title='bbox 1183 1085 1274 1128; x_wconf 85' lang='lat' dir='ltr'><strong>cte</strong></span> <span class='ocrx_word' id='word_1_290' title='bbox 1307 1073 1518 1146; x_wconf 89' lang='lat' dir='ltr'><strong>populi</strong></span> <span class='ocrx_word' id='word_1_291' title='bbox 1550 1092 1787 1129; x_wconf 84' lang='lat' dir='ltr'><strong>censum</strong></span> <span class='ocrx_word' id='word_1_292' title='bbox 1817 1094 1851 1129; x_wconf 90' lang='lat' dir='ltr'><strong>a</strong></span> <span class='ocrx_word' id='word_1_293' title='bbox 1875 1078 2142 1140; x_wconf 84' lang='lat' dir='ltr'><strong>Caesare,</strong></span> <span class='ocrx_word' id='word_1_294' title='bbox 2180 1084 2249 1130; x_wconf 83' lang='lat' dir='ltr'><strong>ut</strong></span> 
     </span>
     <span class='ocr_line' id='line_1_56' title="bbox 1182 1144 2247 1207; baseline 0.002 -12"><span class='ocrx_word' id='word_1_295' title='bbox 1182 1160 1449 1207; x_wconf 83' lang='lat' dir='ltr'><strong>censore,</strong></span> <span class='ocrx_word' id='word_1_296' title='bbox 1470 1154 1661 1197; x_wconf 88' lang='lat' dir='ltr'><strong>actum</strong></span> <span class='ocrx_word' id='word_1_297' title='bbox 1680 1145 1966 1199; x_wconf 87' lang='lat' dir='ltr'><strong>scribere.</strong></span> <span class='ocrx_word' id='word_1_298' title='bbox 2004 1144 2247 1199; x_wconf 77' lang='lat' dir='ltr'><strong>Brevia-</strong></span> 
     </span>
     <span class='ocr_line' id='line_1_57' title="bbox 1181 1211 2248 1286; baseline 0.001 -21"><span class='ocrx_word' id='word_1_299' title='bbox 1181 1221 1377 1267; x_wconf 80' lang='lat' dir='ltr'><strong>torem</strong></span> <span class='ocrx_word' id='word_1_300' title='bbox 1410 1212 1562 1266; x_wconf 78' lang='lat' dir='ltr'><strong>Livii</strong></span> <span class='ocrx_word' id='word_1_301' title='bbox 1599 1224 1791 1267; x_wconf 85' lang='lat' dir='ltr'><strong>tamen</strong></span> <span class='ocrx_word' id='word_1_302' title='bbox 1828 1211 1997 1286; x_wconf 78' lang='lat' dir='ltr'><strong>culpa</strong></span> <span class='ocrx_word' id='word_1_303' title='bbox 2030 1213 2248 1267; x_wconf 87' lang='lat' dir='ltr'><strong>libera-</strong></span> 
     </span>
     <span class='ocr_line' id='line_1_58' title="bbox 1184 1281 2246 1354; baseline -0.001 -20"><span class='ocrx_word' id='word_1_304' title='bbox 1184 1296 1271 1347; x_wconf 85' lang='lat' dir='ltr'><strong>re,</strong></span> <span class='ocrx_word' id='word_1_305' title='bbox 1307 1298 1557 1353; x_wconf 83' lang='lat' dir='ltr'><strong>eamque</strong></span> <span class='ocrx_word' id='word_1_306' title='bbox 1587 1282 1646 1335; x_wconf 92' lang='lat' dir='ltr'><strong>in</strong></span> <span class='ocrx_word' id='word_1_307' title='bbox 1679 1281 1926 1336; x_wconf 77' lang='lat' dir='ltr'><strong>sciolum</strong></span> <span class='ocrx_word' id='word_1_308' title='bbox 1960 1283 2246 1354; x_wconf 81' lang='lat' dir='ltr'><strong>aliquem,</strong></span> 
     </span>
     <span class='ocr_line' id='line_1_59' title="bbox 1184 1349 2249 1421; baseline 0 -19"><span class='ocrx_word' id='word_1_309' title='bbox 1184 1349 1286 1421; x_wconf 90' lang='lat' dir='ltr'><strong>qui</strong></span> <span class='ocrx_word' id='word_1_310' title='bbox 1332 1366 1542 1404; x_wconf 83' lang='lat' dir='ltr'><strong>recens</strong></span> <span class='ocrx_word' id='word_1_311' title='bbox 1583 1368 1615 1404; x_wconf 85' lang='lat' dir='ltr'><strong>a</strong></span> <span class='ocrx_word' id='word_1_312' title='bbox 1654 1350 1912 1405; x_wconf 83' lang='lat' dir='ltr'><strong>lectione</strong></span> <span class='ocrx_word' id='word_1_313' title='bbox 1947 1349 2249 1405; x_wconf 78' lang='lat' dir='ltr'><strong>Plutarchi</strong></span> 
     </span>
     <span class='ocr_line' id='line_1_60' title="bbox 1183 1418 2250 1492; baseline 0 -19"><span class='ocrx_word' id='word_1_314' title='bbox 1183 1421 1298 1473; x_wconf 85' lang='lat' dir='ltr'><strong>hoc</strong></span> <span class='ocrx_word' id='word_1_315' title='bbox 1343 1418 1406 1471; x_wconf 90' lang='lat' dir='ltr'><strong>in</strong></span> <span class='ocrx_word' id='word_1_316' title='bbox 1448 1419 1711 1492; x_wconf 77' lang='lat' dir='ltr'><strong>margine</strong></span> <span class='ocrx_word' id='word_1_317' title='bbox 1743 1418 1892 1473; x_wconf 79' lang='lat' dir='ltr'><strong>Livii</strong></span> <span class='ocrx_word' id='word_1_318' title='bbox 1928 1420 2250 1474; x_wconf 62' lang='lat' dir='ltr'><strong>adnotave-</strong></span> 
     </span>
     <span class='ocr_line' id='line_1_61' title="bbox 1184 1486 2249 1554; baseline -0.001 -12"><span class='ocrx_word' id='word_1_319' title='bbox 1184 1489 1299 1554; x_wconf 78' lang='lat' dir='ltr'><strong>rit,</strong></span> <span class='ocrx_word' id='word_1_320' title='bbox 1333 1487 1662 1541; x_wconf 75' lang='lat' dir='ltr'><strong>transferre</strong></span> <span class='ocrx_word' id='word_1_321' title='bbox 1693 1498 1942 1542; x_wconf 83' lang='lat' dir='ltr'><strong>conatur</strong></span> <span class='ocrx_word' id='word_1_322' title='bbox 1966 1486 2249 1542; x_wconf 83' lang='lat' dir='ltr'><strong>Rualdus.</strong></span> 
     </span>
     <span class='ocr_line' id='line_1_62' title="bbox 1184 1557 2250 1629; baseline -0.005 -17"><span class='ocrx_word' id='word_1_323' title='bbox 1184 1559 1369 1623; x_wconf 85' lang='lat' dir='ltr'><strong>Nam,</strong></span> <span class='ocrx_word' id='word_1_324' title='bbox 1419 1557 1532 1610; x_wconf 87' lang='lat' dir='ltr'><strong>hoc</strong></span> <span class='ocrx_word' id='word_1_325' title='bbox 1571 1557 1749 1609; x_wconf 86' lang='lat' dir='ltr'><strong>colon</strong></span> <span class='ocrx_word' id='word_1_326' title='bbox 1776 1557 2041 1629; x_wconf 82' lang='lat' dir='ltr'><strong>spurium</strong></span> <span class='ocrx_word' id='word_1_327' title='bbox 2076 1565 2135 1610; x_wconf 85' lang='lat' dir='ltr'><strong>et</strong></span> <span class='ocrx_word' id='word_1_328' title='bbox 2163 1557 2250 1610; x_wconf 76' lang='lat' dir='ltr'><strong>in·</strong></span> 
     </span>
     <span class='ocr_line' id='line_1_63' title="bbox 1185 1625 2249 1699; baseline 0 -18"><span class='ocrx_word' id='word_1_329' title='bbox 1185 1625 1443 1681; x_wconf 82' lang='lat' dir='ltr'><strong>siticium</strong></span> <span class='ocrx_word' id='word_1_330' title='bbox 1471 1625 1582 1679; x_wconf 78' lang='lat' dir='ltr'><strong>ess&#39;e</strong></span> <span class='ocrx_word' id='word_1_331' title='bbox 1601 1660 1620 1691; x_wconf 93' lang='lat'><strong>,</strong></span> <span class='ocrx_word' id='word_1_332' title='bbox 1657 1642 1725 1678; x_wconf 84' lang='lat' dir='ltr'><strong>ex</strong></span> <span class='ocrx_word' id='word_1_333' title='bbox 1758 1641 1831 1678; x_wconf 87' lang='lat' dir='ltr'><strong>eo</strong></span> <span class='ocrx_word' id='word_1_334' title='bbox 1861 1627 2060 1699; x_wconf 81' lang='lat' dir='ltr'><strong>colligi</strong></span> <span class='ocrx_word' id='word_1_335' title='bbox 2088 1629 2249 1696; x_wconf 78' lang='lat' dir='ltr'><strong>polle</strong></span> 
     </span>
    </p>
   </div>
   <div class='ocr_carea' id='block_1_7' title="bbox 1165 1693 2250 1766">
    <p class='ocr_par' dir='ltr' id='par_1_8' title="bbox 1165 1693 2250 1766">
     <span class='ocr_line' id='line_1_64' title="bbox 1165 1693 2250 1766; baseline -0.001 -18"><span class='ocrx_word' id='word_1_336' title='bbox 1165 1700 1287 1759; x_wconf 55' lang='grc' dir='ltr'><strong>ἀἴῃ</strong></span> <span class='ocrx_word' id='word_1_337' title='bbox 1322 1693 1484 1766; x_wconf 86' lang='lat' dir='ltr'><strong>quod</strong></span> <span class='ocrx_word' id='word_1_338' title='bbox 1510 1693 1974 1748; x_wconf 25' lang='lat' dir='ltr'><strong>Breviatorihoc</strong></span> <span class='ocrx_word' id='word_1_339' title='bbox 2007 1696 2250 1748; x_wconf 80' lang='lat' dir='ltr'><strong>solenne</strong></span> 
     </span>
    </p>
   </div>
   <div class='ocr_carea' id='block_1_8' title="bbox 1185 1763 2262 3212">
    <p class='ocr_par' dir='ltr' id='par_1_9' title="bbox 1185 1763 2256 2180">
     <span class='ocr_line' id='line_1_65' title="bbox 1186 1763 2254 1834; baseline -0.002 -17"><span class='ocrx_word' id='word_1_340' title='bbox 1186 1763 1435 1828; x_wconf 84' lang='lat' dir='ltr'><strong>habeat,</strong></span> <span class='ocrx_word' id='word_1_341' title='bbox 1499 1773 1565 1816; x_wconf 88' lang='lat' dir='ltr'><strong>ut</strong></span> <span class='ocrx_word' id='word_1_342' title='bbox 1610 1779 1895 1834; x_wconf 83' lang='lat' dir='ltr'><strong>nusquam</strong></span> <span class='ocrx_word' id='word_1_343' title='bbox 1942 1780 2254 1817; x_wconf 83' lang='lat' dir='ltr'><strong>numerum</strong></span> 
     </span>
     <span class='ocr_line' id='line_1_66' title="bbox 1185 1831 2251 1894; baseline -0.003 -7"><span class='ocrx_word' id='word_1_344' title='bbox 1185 1832 1407 1887; x_wconf 85' lang='lat' dir='ltr'><strong>civium</strong></span> <span class='ocrx_word' id='word_1_345' title='bbox 1454 1841 1659 1886; x_wconf 80' lang='lat' dir='ltr'><strong>exacto</strong></span> <span class='ocrx_word' id='word_1_346' title='bbox 1696 1836 1884 1885; x_wconf 75' lang='lat' dir='ltr'><strong>&#39;censu</strong></span> <span class='ocrx_word' id='word_1_347' title='bbox 1921 1831 2251 1894; x_wconf 82' lang='lat' dir='ltr'><strong>adscribat,</strong></span> 
     </span>
     <span class='ocr_line' id='line_1_67' title="bbox 1188 1898 2253 1975; baseline -0.005 -22"><span class='ocrx_word' id='word_1_348' title='bbox 1188 1901 1331 1975; x_wconf 86' lang='lat' dir='ltr'><strong>quin</strong></span> <span class='ocrx_word' id='word_1_349' title='bbox 1357 1901 1517 1954; x_wconf 75' lang='lat' dir='ltr'><strong>lustri</strong></span> <span class='ocrx_word' id='word_1_350' title='bbox 1547 1898 1772 1955; x_wconf 89' lang='lat' dir='ltr'><strong>conditi</strong></span> <span class='ocrx_word' id='word_1_351' title='bbox 1798 1900 2155 1954; x_wconf 80' lang='lat' dir='ltr'><strong>mentionem</strong></span> <span class='ocrx_word' id='word_1_352' title='bbox 2174 1899 2253 1951; x_wconf 76' lang='lat' dir='ltr'><strong>si.</strong></span> 
     </span>
     <span class='ocr_line' id='line_1_68' title="bbox 1185 1966 2250 2038; baseline -0.002 -15"><span class='ocrx_word' id='word_1_353' title='bbox 1185 1970 1307 2023; x_wconf 86' lang='lat' dir='ltr'><strong>mul</strong></span> <span class='ocrx_word' id='word_1_354' title='bbox 1346 1967 1605 2038; x_wconf 81' lang='lat' dir='ltr'><strong>adjiciat·</strong></span> <span class='ocrx_word' id='word_1_355' title='bbox 1674 1966 1792 2024; x_wconf 87' lang='lat' dir='ltr'><strong>Sed</strong></span> <span class='ocrx_word' id='word_1_356' title='bbox 1826 1967 1968 2020; x_wconf 86' lang='lat' dir='ltr'><strong>mihi</strong></span> <span class='ocrx_word' id='word_1_357' title='bbox 2001 1969 2114 2021; x_wconf 88' lang='lat' dir='ltr'><strong>hoc</strong></span> <span class='ocrx_word' id='word_1_358' title='bbox 2147 1967 2250 2021; x_wconf 89' lang='lat' dir='ltr'><strong>illo</strong></span> 
     </span>
     <span class='ocr_line' id='line_1_69' title="bbox 1185 2037 2256 2112; baseline -0.005 -19"><span class='ocrx_word' id='word_1_359' title='bbox 1185 2048 1535 2112; x_wconf 77' lang='lat' dir='ltr'><strong>argumento</strong></span> <span class='ocrx_word' id='word_1_360' title='bbox 1567 2053 1690 2090; x_wconf 87' lang='lat' dir='ltr'><strong>nou</strong></span> <span class='ocrx_word' id='word_1_361' title='bbox 1718 2037 1855 2091; x_wconf 81' lang='lat' dir='ltr'><strong>satis</strong></span> <span class='ocrx_word' id='word_1_362' title='bbox 1884 2047 2044 2090; x_wconf 87' lang='lat' dir='ltr'><strong>certa</strong></span> <span class='ocrx_word' id='word_1_363' title='bbox 2072 2037 2256 2089; x_wconf 83' lang='lat' dir='ltr'><strong>ratio·</strong></span> 
     </span>
     <span class='ocr_line' id='line_1_70' title="bbox 1186 2105 2250 2180; baseline -0.003 -19"><span class='ocrx_word' id='word_1_364' title='bbox 1186 2126 1261 2163; x_wconf 86' lang='lat' dir='ltr'><strong>ne</strong></span> <span class='ocrx_word' id='word_1_365' title='bbox 1312 2107 1515 2180; x_wconf 77' lang='lat' dir='ltr'><strong>colligi</strong></span> <span class='ocrx_word' id='word_1_366' title='bbox 1563 2105 1816 2160; x_wconf 81' lang='lat' dir='ltr'><strong>videtur.</strong></span> <span class='ocrx_word' id='word_1_367' title='bbox 1876 2109 2099 2160; x_wconf 76' lang='lat' dir='ltr'><strong>Verum</strong></span> <span class='ocrx_word' id='word_1_368' title='bbox 2143 2106 2250 2169; x_wconf 78' lang='lat' dir='ltr'><strong>est,</strong></span> 
     </span>
    </p>

    <p class='ocr_par' dir='ltr' id='par_1_10' title="bbox 1229 2172 2255 2231">
     <span class='ocr_line' id='line_1_71' title="bbox 1229 2172 2255 2231; baseline -0.004 0"><span class='ocrx_word' id='word_1_369' title='bbox 1229 2175 1353 2231; x_wconf 91' lang='lat' dir='ltr'><strong>uod</strong></span> <span class='ocrx_word' id='word_1_370' title='bbox 1394 2175 1466 2230; x_wconf 88' lang='lat' dir='ltr'><strong>de</strong></span> <span class='ocrx_word' id='word_1_371' title='bbox 1511 2191 1677 2228; x_wconf 88' lang='lat' dir='ltr'><strong>more</strong></span> <span class='ocrx_word' id='word_1_372' title='bbox 1710 2174 2075 2229; x_wconf 80' lang='lat' dir='ltr'><strong>Breviatoris</strong></span> <span class='ocrx_word' id='word_1_373' title='bbox 2110 2172 2255 2227; x_wconf 86' lang='lat' dir='ltr'><strong>dicit</strong></span> 
     </span>
    </p>

    <p class='ocr_par' dir='ltr' id='par_1_11' title="bbox 1186 2243 2262 3212">
     <span class='ocr_line' id='line_1_72' title="bbox 1239 2243 2255 2316; baseline -0.004 -17"><span class='ocrx_word' id='word_1_374' title='bbox 1239 2243 1479 2305; x_wconf 72' lang='lat' dir='ltr'><strong>ualdusx</strong></span> <span class='ocrx_word' id='word_1_375' title='bbox 1530 2244 1637 2298; x_wconf 87' lang='lat' dir='ltr'><strong>sed</strong></span> <span class='ocrx_word' id='word_1_376' title='bbox 1665 2261 1844 2316; x_wconf 87' lang='lat' dir='ltr'><strong>quum</strong></span> <span class='ocrx_word' id='word_1_377' title='bbox 1876 2260 1948 2297; x_wconf 84' lang='lat' dir='ltr'><strong>ex</strong></span> <span class='ocrx_word' id='word_1_378' title='bbox 1981 2243 2255 2296; x_wconf 83' lang='lat' dir='ltr'><strong>omnibus</strong></span> 
     </span>
     <span class='ocr_line' id='line_1_73' title="bbox 1186 2310 2256 2387; baseline -0.007 -17"><span class='ocrx_word' id='word_1_379' title='bbox 1186 2314 1361 2370; x_wconf 85' lang='lat' dir='ltr'><strong>libris</strong></span> <span class='ocrx_word' id='word_1_380' title='bbox 1391 2312 1585 2380; x_wconf 85' lang='lat' dir='ltr'><strong>Livii,</strong></span> <span class='ocrx_word' id='word_1_381' title='bbox 1641 2312 1744 2384; x_wconf 87' lang='lat' dir='ltr'><strong>qui</strong></span> <span class='ocrx_word' id='word_1_382' title='bbox 1784 2310 1999 2385; x_wconf 71' lang='lat' dir='ltr'><strong>integri</strong></span> <span class='ocrx_word' id='word_1_383' title='bbox 2047 2327 2256 2387; x_wconf 84' lang='lat' dir='ltr'><strong>super·</strong></span> 
     </span>
     <span class='ocr_line' id='line_1_74' title="bbox 1187 2393 2254 2454; baseline -0.008 -14"><span class='ocrx_word' id='word_1_384' title='bbox 1187 2394 1358 2449; x_wconf 72' lang='lat' dir='ltr'><strong>sunt,</strong></span> <span class='ocrx_word' id='word_1_385' title='bbox 1397 2393 1719 2454; x_wconf 85' lang='lat' dir='ltr'><strong>appareat,</strong></span> <span class='ocrx_word' id='word_1_386' title='bbox 1767 2398 1899 2436; x_wconf 85' lang='lat' dir='ltr'><strong>eum</strong></span> <span class='ocrx_word' id='word_1_387' title='bbox 1937 2396 2254 2452; x_wconf 77' lang='lat' dir='ltr'><strong>numquam</strong></span> 
     </span>
     <span class='ocr_line' id='line_1_75' title="bbox 1188 2448 2253 2511; baseline -0.008 -4"><span class='ocrx_word' id='word_1_388' title='bbox 1188 2469 1500 2507; x_wconf 85' lang='lat' dir='ltr'><strong>numerum</strong></span> <span class='ocrx_word' id='word_1_389' title='bbox 1532 2449 1748 2505; x_wconf 87' lang='lat' dir='ltr'><strong>civium</strong></span> <span class='ocrx_word' id='word_1_390' title='bbox 1768 2449 2044 2511; x_wconf 66' lang='lat' dir='ltr'><strong>referre,</strong></span> <span class='ocrx_word' id='word_1_391' title='bbox 2085 2459 2143 2502; x_wconf 89' lang='lat' dir='ltr'><strong>et</strong></span> <span class='ocrx_word' id='word_1_392' title='bbox 2172 2448 2253 2501; x_wconf 76' lang='lat' dir='ltr'><strong>si·</strong></span> 
     </span>
     <span class='ocr_line' id='line_1_76' title="bbox 1190 2517 2253 2585; baseline -0.005 -10"><span class='ocrx_word' id='word_1_393' title='bbox 1190 2522 1312 2575; x_wconf 86' lang='lat' dir='ltr'><strong>mul</strong></span> <span class='ocrx_word' id='word_1_394' title='bbox 1358 2519 1517 2574; x_wconf 86' lang='lat' dir='ltr'><strong>lustri</strong></span> <span class='ocrx_word' id='word_1_395' title='bbox 1563 2519 1922 2573; x_wconf 84' lang='lat' dir='ltr'><strong>mentionem</strong></span> <span class='ocrx_word' id='word_1_396' title='bbox 1958 2517 2253 2585; x_wconf 81' lang='lat' dir='ltr'><strong>adjicere,</strong></span> 
     </span>
     <span class='ocr_line' id='line_1_77' title="bbox 1189 2585 2256 2652; baseline -0.006 -7"><span class='ocrx_word' id='word_1_397' title='bbox 1189 2590 1305 2645; x_wconf 87' lang='lat' dir='ltr'><strong>nisi</strong></span> <span class='ocrx_word' id='word_1_398' title='bbox 1337 2587 1442 2643; x_wconf 89' lang='lat' dir='ltr'><strong>ubi</strong></span> <span class='ocrx_word' id='word_1_399' title='bbox 1476 2587 1653 2644; x_wconf 84' lang='lat' dir='ltr'><strong>etiam</strong></span> <span class='ocrx_word' id='word_1_400' title='bbox 1680 2586 1880 2642; x_wconf 82' lang='lat' dir='ltr'><strong>Livius</strong></span> <span class='ocrx_word' id='word_1_401' title='bbox 1916 2585 1976 2640; x_wconf 92' lang='lat' dir='ltr'><strong>id</strong></span> <span class='ocrx_word' id='word_1_402' title='bbox 2007 2588 2256 2652; x_wconf 79' lang='lat' dir='ltr'><strong>fecerat,</strong></span> 
     </span>
     <span class='ocr_line' id='line_1_78' title="bbox 1189 2656 2258 2722; baseline -0.007 -8"><span class='ocrx_word' id='word_1_403' title='bbox 1189 2676 1312 2714; x_wconf 88' lang='lat' dir='ltr'><strong>non</strong></span> <span class='ocrx_word' id='word_1_404' title='bbox 1351 2657 1543 2711; x_wconf 83' lang='lat' dir='ltr'><strong>minus</strong></span> <span class='ocrx_word' id='word_1_405' title='bbox 1583 2656 1921 2712; x_wconf 82' lang='lat' dir='ltr'><strong>verosimile</strong></span> <span class='ocrx_word' id='word_1_406' title='bbox 1955 2658 2066 2722; x_wconf 79' lang='lat' dir='ltr'><strong>est,</strong></span> <span class='ocrx_word' id='word_1_407' title='bbox 2121 2672 2258 2710; x_wconf 87' lang='lat' dir='ltr'><strong>eum</strong></span> 
     </span>
     <span class='ocr_line' id='line_1_79' title="bbox 1189 2726 2258 2799; baseline -0.002 -18"><span class='ocrx_word' id='word_1_408' title='bbox 1189 2728 1286 2782; x_wconf 87' lang='lat' dir='ltr'><strong>hic</strong></span> <span class='ocrx_word' id='word_1_409' title='bbox 1317 2743 1555 2799; x_wconf 81' lang='lat' dir='ltr'><strong>quoque</strong></span> <span class='ocrx_word' id='word_1_410' title='bbox 1591 2726 1665 2780; x_wconf 80' lang='lat' dir='ltr'><strong>ab</strong></span> <span class='ocrx_word' id='word_1_411' title='bbox 1694 2726 1956 2779; x_wconf 79' lang='lat' dir='ltr'><strong>Auctore</strong></span> <span class='ocrx_word' id='word_1_412' title='bbox 2022 2741 2103 2777; x_wconf 88' lang='lat' dir='ltr'><strong>uo</strong></span> <span class='ocrx_word' id='word_1_413' title='bbox 2135 2740 2258 2779; x_wconf 82' lang='lat' dir='ltr'><strong>non</strong></span> 
     </span>
     <span class='ocr_line' id='line_1_80' title="bbox 1192 2792 2257 2867; baseline -0.007 -18"><span class='ocrx_word' id='word_1_414' title='bbox 1192 2795 1528 2863; x_wconf 67' lang='lat' dir='ltr'><strong>disceffill&#39;ej</strong></span> <span class='ocrx_word' id='word_1_415' title='bbox 1586 2804 1644 2849; x_wconf 84' lang='lat' dir='ltr'><strong>et</strong></span> <span class='ocrx_word' id='word_1_416' title='bbox 1691 2794 1829 2867; x_wconf 86' lang='lat' dir='ltr'><strong>quia</strong></span> <span class='ocrx_word' id='word_1_417' title='bbox 1878 2793 1927 2846; x_wconf 88' lang='lat' dir='ltr'><strong>is</strong></span> <span class='ocrx_word' id='word_1_418' title='bbox 2011 2811 2042 2846; x_wconf 94' lang='lat' dir='ltr'><strong>e</strong></span> <span class='ocrx_word' id='word_1_419' title='bbox 2078 2792 2257 2844; x_wconf 82' lang='lat' dir='ltr'><strong>lustro</strong></span> 
     </span>
     <span class='ocr_line' id='line_1_81' title="bbox 1189 2861 2258 2946; baseline -0.008 -25"><span class='ocrx_word' id='word_1_420' title='bbox 1189 2864 1342 2921; x_wconf 82' lang='lat' dir='ltr'><strong>nihil</strong></span> <span class='ocrx_word' id='word_1_421' title='bbox 1372 2861 1634 2924; x_wconf 81' lang='lat' dir='ltr'><strong>dixerat,</strong></span> <span class='ocrx_word' id='word_1_422' title='bbox 1670 2880 1861 2946; x_wconf 75' lang='lat' dir='ltr'><strong>neque</strong></span> <span class='ocrx_word' id='word_1_423' title='bbox 1884 2862 2073 2933; x_wconf 88' lang='lat' dir='ltr'><strong>ipsum</strong></span> <span class='ocrx_word' id='word_1_424' title='bbox 2096 2874 2258 2916; x_wconf 85' lang='lat' dir='ltr'><strong>men·</strong></span> 
     </span>
     <span class='ocr_line' id='line_1_82' title="bbox 1192 2932 2262 3000; baseline -0.008 -13"><span class='ocrx_word' id='word_1_425' title='bbox 1192 2934 1415 2987; x_wconf 85' lang='lat' dir='ltr'><strong>tionem</strong></span> <span class='ocrx_word' id='word_1_426' title='bbox 1439 2932 1596 2989; x_wconf 85' lang='lat' dir='ltr'><strong>illius</strong></span> <span class='ocrx_word' id='word_1_427' title='bbox 1612 2932 1890 2986; x_wconf 80' lang='lat' dir='ltr'><strong>habuiss&#39;e.</strong></span> <span class='ocrx_word' id='word_1_428' title='bbox 1937 2932 2262 3000; x_wconf 81' lang='lat' dir='ltr'><strong>Propemo-</strong></span> 
     </span>
     <span class='ocr_line' id='line_1_83' title="bbox 1194 2998 2261 3073; baseline -0.007 -16"><span class='ocrx_word' id='word_1_429' title='bbox 1194 3001 1330 3057; x_wconf 87' lang='lat' dir='ltr'><strong>dum</strong></span> <span class='ocrx_word' id='word_1_430' title='bbox 1348 3001 1492 3055; x_wconf 84' lang='lat' dir='ltr'><strong>mihi</strong></span> <span class='ocrx_word' id='word_1_431' title='bbox 1506 2998 2089 3073; x_wconf 77' lang='lat' dir='ltr'><strong>persuadeo‚Livium</strong></span> <span class='ocrx_word' id='word_1_432' title='bbox 2104 3014 2261 3052; x_wconf 83' lang='lat' dir='ltr'><strong>eam·</strong></span> 
     </span>
     <span class='ocr_line' id='line_1_84' title="bbox 1193 3068 2259 3140; baseline -0.004 -16"><span class='ocrx_word' id='word_1_433' title='bbox 1193 3069 1329 3125; x_wconf 89' lang='lat' dir='ltr'><strong>dem</strong></span> <span class='ocrx_word' id='word_1_434' title='bbox 1371 3072 1561 3136; x_wconf 85' lang='lat' dir='ltr'><strong>rem,¹</strong></span> <span class='ocrx_word' id='word_1_435' title='bbox 1588 3086 1762 3140; x_wconf 85' lang='lat' dir='ltr'><strong>quam</strong></span> <span class='ocrx_word' id='word_1_436' title='bbox 1800 3068 2047 3123; x_wconf 82' lang='lat' dir='ltr'><strong>Sueten.</strong></span> <span class='ocrx_word' id='word_1_437' title='bbox 2088 3069 2259 3123; x_wconf 80' lang='lat' dir='ltr'><strong>Caes.</strong></span> 
     </span>
     <span class='ocr_line' id='line_1_85' title="bbox 1196 3137 2262 3212; baseline -0.006 -19"><span class='ocrx_word' id='word_1_438' title='bbox 1196 3152 1327 3212; x_wconf 81' lang='lat' dir='ltr'><strong>cap.</strong></span> <span class='ocrx_word' id='word_1_439' title='bbox 1357 3149 1447 3207; x_wconf 75' lang='lat'><strong>4¹·</strong></span> <span class='ocrx_word' id='word_1_440' title='bbox 1496 3148 1555 3192; x_wconf 82' lang='lat' dir='ltr'><strong>et</strong></span> <span class='ocrx_word' id='word_1_441' title='bbox 1586 3137 1702 3192; x_wconf 82' lang='lat' dir='ltr'><strong>Dio</strong></span> <span class='ocrx_word' id='word_1_442' title='bbox 1733 3140 1834 3204; x_wconf 73' lang='lat'><strong>43,</strong></span> <span class='ocrx_word' id='word_1_443' title='bbox 1867 3143 1988 3205; x_wconf 75' lang='lat'><strong>²²4·</strong></span> <span class='ocrx_word' id='word_1_444' title='bbox 2039 3151 2262 3188; x_wconf 84' lang='lat' dir='ltr'><strong>memo-</strong></span> 
     </span>
    </p>
   </div>
   <div class='ocr_carea' id='block_1_9' title="bbox 1173 3204 2262 3278">
    <p class='ocr_par' dir='ltr' id='par_1_12' title="bbox 1173 3204 2262 3278">
     <span class='ocr_line' id='line_1_86' title="bbox 1173 3204 2262 3278; baseline -0.011 -11"><span class='ocrx_word' id='word_1_445' title='bbox 1173 3218 1347 3276; x_wconf 69' lang='lat' dir='ltr'><strong>rant,</strong></span> <span class='ocrx_word' id='word_1_446' title='bbox 1387 3205 1679 3273; x_wconf 84' lang='lat' dir='ltr'><strong>retulisse,</strong></span> <span class='ocrx_word' id='word_1_447' title='bbox 1715 3215 1890 3278; x_wconf 77' lang='lat' dir='ltr'><strong>atque</strong></span> <span class='ocrx_word' id='word_1_448' title='bbox 1912 3222 2036 3259; x_wconf 87' lang='lat' dir='ltr'><strong>eam</strong></span> <span class='ocrx_word' id='word_1_449' title='bbox 2058 3204 2262 3271; x_wconf 80' lang='lat' dir='ltr'><strong>etiam,</strong></span> 
     </span>
    </p>
   </div>
   <div class='ocr_carea' id='block_1_10' title="bbox 1192 3270 2309 4228">
    <p class='ocr_par' dir='ltr' id='par_1_13' title="bbox 1192 3270 2309 4228">
     <span class='ocr_line' id='line_1_87' title="bbox 1194 3270 2259 3350; baseline -0.007 -20"><span class='ocrx_word' id='word_1_450' title='bbox 1194 3275 1686 3350; x_wconf 82' lang='lat' dir='ltr'><strong>quemadmodum</strong></span> <span class='ocrx_word' id='word_1_451' title='bbox 1721 3275 1961 3329; x_wconf 80' lang='lat' dir='ltr'><strong>Sueten.</strong></span> <span class='ocrx_word' id='word_1_452' title='bbox 2004 3270 2259 3337; x_wconf 85' lang='lat' dir='ltr'><strong>ibidem,</strong></span> 
     </span>
     <span class='ocr_line' id='line_1_88' title="bbox 1196 3339 2268 3412; baseline -0.002 -12"><span class='ocrx_word' id='word_1_453' title='bbox 1196 3355 1253 3400; x_wconf 90' lang='lat' dir='ltr'><strong>et</strong></span> <span class='ocrx_word' id='word_1_454' title='bbox 1288 3346 1350 3399; x_wconf 89' lang='lat' dir='ltr'><strong>in</strong></span> <span class='ocrx_word' id='word_1_455' title='bbox 1383 3347 1469 3399; x_wconf 76' lang='lat' dir='ltr'><strong>Au</strong></span> <span class='ocrx_word' id='word_1_456' title='bbox 1515 3386 1528 3399; x_wconf 90' lang='lat'><strong>.</strong></span> <span class='ocrx_word' id='word_1_457' title='bbox 1559 3351 1649 3407; x_wconf 59' lang='lat' dir='ltr'><strong>lio.</strong></span> <span class='ocrx_word' id='word_1_458' title='bbox 1686 3361 2005 3399; x_wconf 80' lang='lat' dir='ltr'><strong>recensum</strong></span> <span class='ocrx_word' id='word_1_459' title='bbox 2042 3339 2268 3412; x_wconf 76' lang='lat' dir='ltr'><strong>populi</strong></span> 
     </span>
     <span class='ocr_line' id='line_1_89' title="bbox 1195 3361 2260 3494; baseline -0.004 -25"><span class='ocrx_word' id='word_1_460' title='bbox 1195 3415 1441 3469; x_wconf 69' lang='lat' dir='ltr'><strong>¹b’oeell&#39;e.</strong></span> <span class='ocrx_word' id='word_1_461' title='bbox 1474 3361 1915 3494; x_wconf 46' lang='lat' dir='ltr'><strong>{edanum-em</strong></span> <span class='ocrx_word' id='word_1_462' title='bbox 1932 3410 2260 3490; x_wconf 49' lang='lat' dir='ltr'><strong>lsspitqmes,</strong></span> 
     </span>
     <span class='ocr_line' id='line_1_90' title="bbox 1194 3483 2266 3555; baseline -0.01 -18"><span class='ocrx_word' id='word_1_463' title='bbox 1194 3483 1318 3537; x_wconf 84' lang='lat' dir='ltr'><strong>sive</strong></span> <span class='ocrx_word' id='word_1_464' title='bbox 1350 3500 1469 3536; x_wconf 89' lang='lat' dir='ltr'><strong>non</strong></span> <span class='ocrx_word' id='word_1_465' title='bbox 1503 3490 1893 3555; x_wconf 75' lang='lat' dir='ltr'><strong>cogitantem,</strong></span> <span class='ocrx_word' id='word_1_466' title='bbox 1932 3495 2056 3532; x_wconf 74' lang='lat' dir='ltr'><strong>sive</strong></span> <span class='ocrx_word' id='word_1_467' title='bbox 2092 3494 2266 3550; x_wconf 75' lang='lat' dir='ltr'><strong>igno.</strong></span> 
     </span>
     <span class='ocr_line' id='line_1_91' title="bbox 1192 3546 2266 3617; baseline -0.004 -11"><span class='ocrx_word' id='word_1_468' title='bbox 1192 3561 1443 3617; x_wconf 86' lang='lat' dir='ltr'><strong>rantem,</strong></span> <span class='ocrx_word' id='word_1_469' title='bbox 1480 3549 1640 3606; x_wconf 84' lang='lat' dir='ltr'><strong>aliud</strong></span> <span class='ocrx_word' id='word_1_470' title='bbox 1666 3550 1775 3603; x_wconf 85' lang='lat' dir='ltr'><strong>ell’e</strong></span> <span class='ocrx_word' id='word_1_471' title='bbox 1794 3564 2064 3612; x_wconf 78' lang='lat' dir='ltr'><strong>censum,</strong></span> <span class='ocrx_word' id='word_1_472' title='bbox 2102 3546 2266 3602; x_wconf 82' lang='lat' dir='ltr'><strong>aliud</strong></span> 
     </span>
     <span class='ocr_line' id='line_1_92' title="bbox 1193 3619 2263 3692; baseline -0.004 -16"><span class='ocrx_word' id='word_1_473' title='bbox 1193 3639 1517 3676; x_wconf 57' lang='lat' dir='ltr'><strong>recensum</strong></span> <span class='ocrx_word' id='word_1_474' title='bbox 1535 3619 1777 3692; x_wconf 78' lang='lat' dir='ltr'><strong>populi,</strong></span> <span class='ocrx_word' id='word_1_475' title='bbox 1806 3634 2126 3673; x_wconf 81' lang='lat' dir='ltr'><strong>recensum</strong></span> <span class='ocrx_word' id='word_1_476' title='bbox 2145 3634 2263 3692; x_wconf 83' lang='lat' dir='ltr'><strong>pro</strong></span> 
     </span>
     <span class='ocr_line' id='line_1_93' title="bbox 1197 3685 2264 3760; baseline -0.005 -14"><span class='ocrx_word' id='word_1_477' title='bbox 1197 3700 1388 3747; x_wconf 75' lang='lat' dir='ltr'><strong>censu</strong></span> <span class='ocrx_word' id='word_1_478' title='bbox 1425 3691 1620 3747; x_wconf 77' lang='lat' dir='ltr'><strong>totius</strong></span> <span class='ocrx_word' id='word_1_479' title='bbox 1661 3685 1883 3760; x_wconf 79' lang='lat' dir='ltr'><strong>populi</strong></span> <span class='ocrx_word' id='word_1_480' title='bbox 1923 3689 2264 3758; x_wconf 79' lang='lat' dir='ltr'><strong>accepisse,</strong></span> 
     </span>
     <span class='ocr_line' id='line_1_94' title="bbox 1198 3751 2265 3828; baseline -0.003 -16"><span class='ocrx_word' id='word_1_481' title='bbox 1198 3768 1258 3812; x_wconf 92' lang='lat' dir='ltr'><strong>et</strong></span> <span class='ocrx_word' id='word_1_482' title='bbox 1290 3756 1363 3812; x_wconf 93' lang='lat' dir='ltr'><strong>de</strong></span> <span class='ocrx_word' id='word_1_483' title='bbox 1399 3757 1502 3813; x_wconf 93' lang='lat' dir='ltr'><strong>illo</strong></span> <span class='ocrx_word' id='word_1_484' title='bbox 1538 3753 1743 3810; x_wconf 76' lang='lat' dir='ltr'><strong>iisdem</strong></span> <span class='ocrx_word' id='word_1_485' title='bbox 1775 3751 2006 3825; x_wconf 77' lang='lat' dir='ltr'><strong>verbis,</strong></span> <span class='ocrx_word' id='word_1_486' title='bbox 2047 3756 2265 3828; x_wconf 62' lang='lat' dir='ltr'><strong>quibua</strong></span> 
     </span>
     <span class='ocr_line' id='line_1_95' title="bbox 1198 3823 2265 3880; baseline -0.001 -2"><span class='ocrx_word' id='word_1_487' title='bbox 1198 3825 1270 3880; x_wconf 86' lang='lat' dir='ltr'><strong>de</strong></span> <span class='ocrx_word' id='word_1_488' title='bbox 1307 3827 1419 3880; x_wconf 89' lang='lat' dir='ltr'><strong>hoc</strong></span> <span class='ocrx_word' id='word_1_489' title='bbox 1456 3826 1542 3879; x_wconf 88' lang='lat' dir='ltr'><strong>uti</strong></span> <span class='ocrx_word' id='word_1_490' title='bbox 1582 3825 1773 3879; x_wconf 84' lang='lat' dir='ltr'><strong>solent</strong></span> <span class='ocrx_word' id='word_1_491' title='bbox 1805 3823 1919 3878; x_wconf 85' lang='lat' dir='ltr'><strong>scri</strong></span> <span class='ocrx_word' id='word_1_492' title='bbox 1968 3833 2128 3877; x_wconf 85' lang='lat' dir='ltr'><strong>tores</strong></span> <span class='ocrx_word' id='word_1_493' title='bbox 2166 3842 2265 3877; x_wconf 87' lang='lat' dir='ltr'><strong>an-</strong></span> 
     </span>
     <span class='ocr_line' id='line_1_96' title="bbox 1193 3886 2309 3980; baseline -0.003 -31"><span class='ocrx_word' id='word_1_494' title='bbox 1193 3893 1370 3980; x_wconf 65' lang='lat' dir='ltr'><strong>tiqui,</strong></span> <span class='ocrx_word' id='word_1_495' title='bbox 1406 3911 1574 3948; x_wconf 85' lang='lat' dir='ltr'><strong>usum</strong></span> <span class='ocrx_word' id='word_1_496' title='bbox 1594 3893 1796 3947; x_wconf 79' lang='lat' dir='ltr'><strong>fuisse.</strong></span> <span class='ocrx_word' id='word_1_497' title='bbox 1825 3894 1927 3946; x_wconf 88' lang='lat' dir='ltr'><strong>DU</strong></span> <span class='ocrx_word' id='word_1_498' title='bbox 1985 3926 2003 3946; x_wconf 91' lang='grc'><strong>.</strong></span> <span class='ocrx_word' id='word_1_499' title='bbox 2034 3886 2266 3964; x_wconf 84' lang='lat' dir='ltr'><strong>Lipsius</strong></span> <span class='ocrx_word' id='word_1_500' title='bbox 2303 3934 2309 3939; x_wconf 85' lang='lat'><em>.</em></span> 
     </span>
     <span class='ocr_line' id='line_1_97' title="bbox 1198 3961 2268 4036; baseline -0.01 -17"><span class='ocrx_word' id='word_1_501' title='bbox 1198 3974 1377 4019; x_wconf 75' lang='lat' dir='ltr'><strong>etiam</strong></span> <span class='ocrx_word' id='word_1_502' title='bbox 1413 3972 1585 4036; x_wconf 74' lang='lat' dir='ltr'><strong>putat</strong></span> <span class='ocrx_word' id='word_1_503' title='bbox 1622 3981 1666 4015; x_wconf 89' lang='grc' dir='ltr'><strong>ι.</strong></span> <span class='ocrx_word' id='word_1_504' title='bbox 1718 3961 1904 4015; x_wconf 82' lang='lat' dir='ltr'><strong>Elect.</strong></span> <span class='ocrx_word' id='word_1_505' title='bbox 1945 3979 2030 4027; x_wconf 68' lang='lat'><strong>27.</strong></span> <span class='ocrx_word' id='word_1_506' title='bbox 2088 3964 2268 4013; x_wconf 74' lang='lat' dir='ltr'><strong>conii.</strong></span> 
     </span>
     <span class='ocr_line' id='line_1_98' title="bbox 1200 4026 2268 4103; baseline -0.001 -17"><span class='ocrx_word' id='word_1_507' title='bbox 1200 4032 1432 4088; x_wconf 84' lang='lat' dir='ltr'><strong>dentem</strong></span> <span class='ocrx_word' id='word_1_508' title='bbox 1464 4029 1795 4103; x_wconf 78' lang='lat' dir='ltr'><strong>quempiam</strong></span> <span class='ocrx_word' id='word_1_509' title='bbox 1824 4026 2177 4083; x_wconf 88' lang='lat' dir='ltr'><strong>nebulonem</strong></span> <span class='ocrx_word' id='word_1_510' title='bbox 2205 4029 2268 4085; x_wconf 83' lang='lat' dir='ltr'><strong>in</strong></span> 
     </span>
     <span class='ocr_line' id='line_1_99' title="bbox 1198 4096 2269 4172; baseline -0.004 -19"><span class='ocrx_word' id='word_1_511' title='bbox 1198 4100 1350 4156; x_wconf 83' lang='lat' dir='ltr'><strong>hanc</strong></span> <span class='ocrx_word' id='word_1_512' title='bbox 1365 4100 1678 4172; x_wconf 83' lang='lat' dir='ltr'><strong>Epitomen</strong></span> <span class='ocrx_word' id='word_1_513' title='bbox 1700 4097 2005 4152; x_wconf 86' lang='lat' dir='ltr'><strong>intrusisse</strong></span> <span class='ocrx_word' id='word_1_514' title='bbox 2023 4096 2118 4148; x_wconf 86' lang='lat' dir='ltr'><strong>illa</strong></span> <span class='ocrx_word' id='word_1_515' title='bbox 2138 4115 2269 4150; x_wconf 87' lang='lat' dir='ltr'><strong>ver·</strong></span> 
     </span>
     <span class='ocr_line' id='line_1_100' title="bbox 1199 4162 2267 4228; baseline -0.007 0"><span class='ocrx_word' id='word_1_516' title='bbox 1199 4170 1278 4228; x_wconf 81' lang='lat' dir='ltr'><strong>ba</strong></span> <span class='ocrx_word' id='word_1_517' title='bbox 1298 4169 1371 4227; x_wconf 81' lang='lat' dir='ltr'><strong>de</strong></span> <span class='ocrx_word' id='word_1_518' title='bbox 1388 4182 1656 4226; x_wconf 83' lang='lat' dir='ltr'><strong>censura.</strong></span> <span class='ocrx_word' id='word_1_519' title='bbox 1705 4168 1931 4225; x_wconf 76' lang='lat' dir='ltr'><strong>Contra</strong></span> <span class='ocrx_word' id='word_1_520' title='bbox 1944 4165 2172 4223; x_wconf 78' lang='lat' dir='ltr'><strong>Vollius</strong></span> <span class='ocrx_word' id='word_1_521' title='bbox 2192 4162 2267 4221; x_wconf 81' lang='lat' dir='ltr'><strong>de</strong></span> 
     </span>
    </p>
   </div>
   <div class='ocr_carea' id='block_1_11' title="bbox 2667 3878 2671 4387">
    <p class='ocr_par' dir='ltr' id='par_1_14' title="bbox 2667 3878 2671 4387">
     <span class='ocr_line' id='line_1_101' title="bbox 2667 3878 2671 4387; baseline 0 0"><span class='ocrx_word' id='word_1_522' title='bbox 2667 3878 2671 4387; x_wconf 95' lang='lat' dir='ltr'><strong> </strong></span> 
     </span>
    </p>
   </div>
  </div>
 </body>
</html>
