2675 4642
77 824 88 853 l

470 207 591 282 254
657 164 1060 276 FREINSH.
1081 190 2397 270 SUPPLEMENTORUM·Lm-.Lxxx1.

135 409 205 469 U·
236 428 285 466 θ·
306 404 431 481 ¹708·
591 419 814 482 xcm.
861 410 1389 503 Significaptibus
1414 414 1652 491 multis,
1699 418 1914 478 Bonum
1928 417 2163 500 factum,
2206 416 2452 501 inquit,

138 484 211 601 ᾗ·
237 483 302 535 C·
330 486 423 550 44·
472 503 614 584 quod
653 507 805 563 iuter
845 500 979 559 alios
1020 500 1157 556 cives
1195 495 1278 557 hic
1319 518 1525 581 quoque
1567 520 1820 571 numerus
1857 521 2238 562 veteranorum
2269 505 2450 563 venit.

108 564 448 674 ,ᾶιζέζεῖῗ
471 584 545 643 ad
582 604 676 643 vos
716 586 891 664 igitur
930 583 1226 642 orationem
1264 598 1516 643 converto
1534 622 1549 653 ,
1608 601 1803 662 vosque
1822 624 1841 656 ,
1898 579 2053 661 ficati
2092 602 2214 642 cum
2251 586 2457 642 ceteris

237 637 271 691 q
427 656 447 676 ⁶
472 664 676 727 civibus
714 665 888 722 omnia
928 659 1078 721 vobis
1113 662 1328 740 patriae
1367 666 1663 722 communia
1704 661 1954 744 beneficia
1979 663 2139 745 sunt,
2180 666 2260 724 ita
2293 684 2455 724 amo-

474 767 588 808 rem
628 765 831 826 quoque
867 762 921 804 et
952 740 1226 823 adfectum
1263 747 1652 805 communicetis
1667 786 1689 817 ,
1743 745 1956 807 hortor.
2041 747 2150 807 Vas
2184 745 2249 805 ab
2284 749 2460 806 initio

475 848 583 892 non
617 827 813 910 Caesar
854 823 1087 906 delegit,
1131 842 1224 883 uec
1261 829 1402 884 enim
1441 832 1649 906 potuit3
1678 824 1782 906 fid
1818 826 2117 908 respublica
2157 847 2250 888 vos
2291 827 2463 889 dedit

482 909 737 992 Caesari,
802 905 1114 989 quibuscum
1163 906 1352 986 populi
1390 907 1620 967 Romani
1667 907 1834 986 hostes
1887 923 2173 970 coerceret.
2260 908 2462 988 Justis

477 991 595 1053 illis
633 1010 688 1050 et
730 989 985 1072 legitimis
1023 983 1182 1046 bellis
1217 987 1482 1065 meruistis
1520 1009 1664 1050 certe
1693 995 1933 1071 praemia
1950 1034 1968 1066 ,
2014 1010 2068 1050 et
2103 994 2321 1073 iniquus
2352 989 2458 1067 sit,

479 1076 574 1157 qui
603 1073 829 1133 adimat.
901 1067 1120 1131 Deinde
1153 1089 1345 1128 contra
1382 1068 1713 1131 voluntatem
1749 1072 1975 1151 vestram
1992 1116 2010 1148 ,
2043 1070 2147 1152 sed
2181 1071 2334 1153 quasi
2347 1072 2461 1153 fit..

477 1174 749 1217 cramento
783 1155 1079 1224 devinctos,
1122 1150 1382 1233 adversus
1408 1154 1646 1232 patriam
1678 1175 1735 1214 et
1763 1154 2068 1235 definfitres
2098 1159 2309 1234 patriae
2336 1156 2462 1215 du-

477 1240 589 1299 xit.
644 1237 838 1318 quibus
870 1254 939 1293 ex
970 1231 1164 1309 bellis,
1219 1229 1270 1309 [ι
1297 1232 1422 1294 haec
1455 1231 1605 1293 vobis
1628 1236 1749 1318 sola
1785 1235 1986 1296 bellata
2021 1234 2220 1315 essent,
2260 1256 2462 1318 petere

470 1324 714 1402 praemia
757 1337 851 1377 vos
895 1319 1055 1375 etiam
1092 1313 1229 1399 ipsos
1250 1357 1269 1386 ,
1330 1317 1558 1395 opinor,
1612 1319 1881 1398 puderet:
1913 1371 1916 1374 .
1943 1317 2039 1399 sed
2079 1318 2281 1380 Gallici
2311 1317 2465 1400 sunt

477 1420 532 1461 et
566 1401 883 1461 Britannici
918 1397 1131 1458 labores
1148 1437 1167 1469 ,
1223 1416 1452 1478 quorum
1490 1397 1638 1477 vobis
1677 1399 1890 1460 laudem
1925 1421 2086 1484 atque
2125 1405 2320 1462 merita
2351 1423 2463 1463 ue-

477 1504 579 1564 que
614 1499 820 1562 tempus
854 1478 1028 1540 ullum
1041 1519 1060 1551 ,
1119 1498 1212 1539 uec
1253 1478 1465 1538 invidia
1502 1480 1803 1566 abrogabit.'

174 1632 422 1689 prum„
601 1611 830 1678 XCIV.
874 1611 986 1672 Sed
1013 1629 1183 1695 ‘neque
1220 1635 1316 1676 vos
1347 1613 1722 1697 aversabimiui
1747 1631 1854 1696 pro
1886 1613 1970 1675 his
2038 1618 2268 1689 raemia,
2313 1636 2463 1698 qua..

107 1706 389 1777 pollicetur
466 1695 558 1758 lia
602 1695 835 1773 majores
885 1692 1053 1771 nostri
1100 1697 1382 1758 concedere
1424 1695 1829 1779 coufiteverunt.
1930 1698 1987 1757 Il
2009 1719 2069 1757 os
2108 1701 2246 1757 enim
2293 1702 2464 1759 novi-

108 1775 181 1827 αδ
209 1789 414 1856 ‚nomn
480 1799 597 1839 mus
635 1779 905 1856 Jociorum
955 1794 1053 1835 aut
1101 1778 1335 1838 aliorum
1385 1783 1743 1839 innocentium
1781 1775 2112 1860 poffl‘ffiones
2154 1799 2260 1839 uon
2300 1782 2462 1840 adti-

106 1857 390 1909 unorum.
474 1858 607 1943 giffe
622 1882 641 1920 .-
707 1878 774 1916 ne
823 1855 1054 1935 hostibus
1104 1860 1322 1940 quidem
1369 1861 1435 1942 su
1473 1864 1641 1920 eratis
1699 1879 1873 1920 totum
1928 1860 2175 1940 eripuiffe
2225 1882 2416 1943 agrum
2432 1876 2465 1933 ς·

466 1944 570 2026 Jed
588 1984 605 2014 ‚
647 1956 808 2019 parte
845 1940 1129 2020 adempm,
1172 1942 1408 2023 deduxi]
1425 1965 1451 2001 e
1486 1940 1731 2017 colonos,
1773 1964 1838 2003 ut
1872 1946 1928 2003 in
1962 1942 2132 2024 officio
2163 1946 2295 2003 victi
2326 1965 2455 2005 con-

480 2029 813 2085 tinerentur.
897 2022 1068 2106 Qod
1090 2022 1153 2104 Jt'
1166 2024 1330 2108 fhrte
1367 2021 1641 2108 angustior
1658 2067 1675 2097 ,
1719 2045 1876 2108 quam
1914 2043 2019 2106 pro
2054 2044 2278 2083 numero
2310 2026 2459 2086 colo-

479 2126 675 2168 norum
691 2145 708 2176 ‚
774 2124 904 2187 agar
957 2126 1078 2167 erat
1097 2147 1116 2180 ,
1176 2105 1528 2173 dividebatur
1577 2096 1824 2185 publicus
1843 2147 1861 2179 ,
1922 2124 2020 2181 agat
2066 2125 2101 2164 a
2149 2105 2463 2168 volentibus

482 2187 759 2247 emebatur
815 2192 1055 2266 pecunia.
1156 2189 1281 2248 Hac
1315 2187 1545 2270 -quidem
1591 2191 1800 2247 ratione
1823 2230 1840 2261 ,
1906 2208 2068 2270 quum
2111 2191 2195 2247 vis
2238 2192 2464 2269 imperii

475 2288 639 2412 peges
675 2267 931 2349 populum
965 2269 1125 2352 effic,
1166 2266 1286 2352 fine
1320 2269 1538 2352 querela
1570 2270 1885 2351 cujusquam
1920 2275 1979 2331 iu
2015 2269 2243 2332 colonias
2274 2270 2462 2332 dedu-

482 2373 537 2412 ce
571 2369 758 2410 ammi.

128 2498 267 2555 Nam
283 2500 457 2552 Caesa·
605 2481 803 2549 XCV.
850 2484 1049 2565 Nuper
1082 2483 1292 2543 demum
1320 2482 1393 2543 L.
1422 2481 1596 2558 Sulla,
1641 2500 1697 2541 et
1722 2482 1894 2563 postea
1927 2483 2148 2575 Caesar,
2186 2488 2461 2565 patriam,

113 2573 325 2623 rianum
342 2583 456 2619 ma·
484 2585 754 2645 tamquam
784 2565 1019 2643 hostilem
1051 2563 1239 2625 urbem
1269 2568 1439 2623 armis
1467 2582 1696 2644 captam,
1738 2569 1907 2624 armis
1936 2571 2171 2626 retinere
2198 2566 2467 2647 neceffum

109 2641 224 2692 ’Μ’
242 2653 375 2690 ⁴⁸5⁶·
480 2646 803 2708 habuerunt.
866 2648 1090 2727 Itaque,
1120 2645 1430 2727 satellitum
1462 2666 1517 2704 et
1550 2646 1820 2724 custodum
1856 2668 2085 2730 egentes,
2130 2669 2293 2730 neque
2320 2648 2469 2729 mif-

277 2721 286 2731 ’
473 2726 679 2811 Ji'ouem
718 2728 865 2789 vobis
901 2731 1037 2788 dare
1069 2727 1391 2798 voluerunt,
1435 2747 1500 2787 tte
1537 2747 1600 2787 ue
1628 2727 1898 2808 publicum
1918 2729 2115 2809 saltem
2142 2751 2173 2787 a
2212 2751 2331 2789 rum
2361 2733 2465 2791 di..

489 2811 713 2886 videre-,-
760 2809 864 2890 sed
903 2830 1073 2891 neque
1114 2811 1353 2891 pretium
1400 2829 1503 2888 qua
1527 2813 1796 2890 iscumque
1824 2810 2014 2893 solatii
2050 2814 2177 2892 cau]
2193 2832 2225 2869 a
2265 2834 2465 2872 nume--

488 2912 620 2952 rare
651 2889 1018 2973 polsefffbribus
1035 2934 1052 2966 ,
1098 2910 1413 2974 quamquam
1449 2888 1791 2952 abundabant
1819 2897 2043 2974 pecunia
2071 2914 2141 2953 ex
2171 2894 2460 2976 vectigali-

487 2972 587 3034 bus
629 2974 857 3055 publicis
907 2996 962 3035 et
1004 2974 1186 3053 hasta:
1241 2993 1431 3033 verum
1467 2974 1689 3034 Italiam
1738 2981 1908 3037 omnis
1951 2993 2225 3056 expertem
2270 2978 2469 3036 delicti

483 3058 819 3139 praedonum
854 3078 1001 3119 more
1025 3056 1341 3139 spoliarunt
1372 3074 1405 3114 a
1442 3076 1503 3115 ro
1522 3098 1539 3128 ,
1577 3054 1723 3136 focis
1743 3099 1760 3131 ,
1803 3061 1918 3118 aris
1934 3100 1953 3132 ,
1998 3059 2275 3139 sepulcris,
2319 3079 2467 3140 quae

487 3161 582 3199 uec
616 3145 857 3201 externis
894 3141 1186 3200 ademimus
1202 3138 1358 3219 justo
1392 3076 1528 3202 fello
1551 3137 1791 3220 subactis
1810 3182 1828 3213 ,
1871 3142 2088 3202 decimis
2123 3161 2464 3202 tantummo-

489 3224 560 3285 do
577 3224 816 3308 frugum
844 3229 1100 3285 contenti.
1183 3223 1272 3284 Sic
1314 3227 1489 3306 igitur
1533 3221 1831 3299 vestrorum
1874 3227 2069 3283 civium
2117 3223 2255 3284 bona
2301 3221 2465 3282 vobis

488 3311 665 3394 divisa
690 3309 827 3393 Jitut
844 3327 863 3366 .·
909 3326 1091 3368 eorum
1108 3348 1127 3381 ,
1171 3310 1422 3387 inqum,
1466 3309 1563 3385 qui
1594 3305 1842 3386 Caesaris
1874 3303 2036 3386 ipfi'us
2063 3305 2310 3388 auspicio,
2351 3326 2468 3365 vo-

486 3395 570 3457 bis
607 3388 1054 3455 commilitonibus
1074 3432 1092 3464 ,
1137 3388 1275 3449 bello
1312 3385 1526 3447 Gallico
1562 3386 1807 3447 tulerant
1837 3406 2020 3459 arma3
2063 3393 2158 3468 qui
2192 3410 2287 3449 vos
2319 3403 2467 3467 pro-

477 3474 773 3557 ficiscentes
822 3478 882 3536 iu
930 3473 1319 3555 expeditionem
1368 3469 1751 3543 deduxerant3
1811 3472 1906 3551 qui
1938 3487 2046 3550 pro
2088 3470 2469 3532 incolumitate

487 3556 665 3636 vestra
706 3577 868 3639 atque
906 3559 1137 3618 victoria
1176 3573 1303 3616 vota
1327 3553 1608 3637 fecerant.

165 3701 268 3768 Qut
285 3719 368 3761 eos
385 3701 455 3757 ft·
609 3689 837 3756 XCVI.
880 3691 961 3752 Et
1000 3687 1220 3750 deducti
1261 3691 1475 3770 quidem
1511 3688 1634 3768 estis
1660 3686 1765 3770 sub
1785 3684 1959 3771 fignis
1975 3729 1994 3762 ,
2046 3683 2317 3767 cletfisque
2354 3701 2462 3743 or-·

109 3773 289 3841 ligare
321 3773 435 3837 stu.
485 3771 738 3845 dinibus,
792 3790 857 3831 ut
896 3771 1222 3852 adpareret,
1280 3793 1389 3832 non
1429 3773 1502 3833 ad
1546 3776 1775 3854 quietem
1814 3792 1946 3844 vos,
1991 3769 2094 3852 sed
2140 3774 2200 3830 in
2248 3774 2411 3831 aciem
2434 3805 2459 3838 ‚

111 3842 291 3923 ‘'3“”7
305 3839 458 3894 ἐῶ·
481 3857 704 3924 venire3
749 3848 968 3933 paratos
999 3854 1072 3913 ad
1104 3853 1444 3934 iuferendam
1475 3854 1757 3934 injuriam,
1800 3874 1967 3936 neque
2001 3852 2066 3913 ab
2096 3852 2327 3913 aliorum
2359 3851 2460 3908 in-

108 3911 267 4032 f'bm
288 3921 336 3965 '¹
356 3927 457 3963 ’Μ’
477 3933 635 4019 st'diis
670 3953 840 3996 tutos.
913 3956 1081 4016 neque
1115 3939 1255 3995 enim
1275 3932 1411 4014 fieri
1445 3935 1615 4018 potest
1632 3977 1650 4008 ,
1707 3956 1774 3995 ut
1791 3980 1808 4011 ,
1852 3934 2043 4019 quibus
2084 3940 2205 4019 agri
2224 3935 2319 4017 fici
2346 3950 2458 4017 per

139 3994 195 4033 '¹‘
484 4021 597 4078 vim
639 4015 811 4076 ablati
838 4014 1007 4095 fient,
1052 4037 1138 4077 eos
1175 4017 1419 4091 diutius,
1463 4039 1619 4101 quam
1658 4016 1912 4099 neceffitm
1941 4014 2059 4096 fit,
2099 4036 2255 4101 penes
2293 4018 2457 4098 inju-

473 4097 590 4178 stos
636 4095 943 4181 paffeffores
1000 4098 1100 4181 effi·
1151 4103 1460 4182 patiantur.
1553 4100 1721 4166 Unde
1754 4101 1964 4185 liquido
2013 4102 2243 4187 adparet
2259 4142 2279 4178 ,
2343 4114 2462 4186 quo
