2675 4642
459 250 552 316 m
595 248 898 316 metm
926 248 1093 314 nm.
1133 250 1450 319 GKRVH.
1491 250 1733 323 mvn.-
1966 255 2092 322 5o3

121 460 286 535 bns,
350 479 494 523 cum
534 460 807 524 Libonis
841 460 1286 526 'familiaribus
1309 464 1637 527 ‘Antonius
1676 466 1848 551 egit,
1910 488 1950 530 e
1983 469 2086 532 Si·
2145 459 2222 519 Π·
2252 478 2308 519 ⁶·
2336 477 2461 533 7¹⁸·

123 544 275 607 cilia
329 556 683 604 emo-rent
727 542 1089 617 hominem,
1145 560 1220 609 ut
1257 542 1584 610 adfinitate
1628 567 1792 610 nova
1830 549 2088 613 fruere·
2146 533 2222 594 Δ·
2251 532 2435 602 ⁰⁰⁴⁰*

122 637 264 697 tur,
312 624 506 687 simul
539 623 620 685 ad
651 644 830 706 spem
864 627 1126 702 maioris
1163 628 1605 691 conficiendae
1640 630 1762 692 rei.
1828 648 1947 696 nec
1985 633 2088 694 ilti

125 707 519 769 distulerunt
568 707 859 768 scribere
906 707 1183 781 Liboni,
1249 728 1462 795 neque
1508 710 1894 797 Pompeius,
1960 733 2092 800 quo
2201 747 2205 750 >

124 790 337 851 minus
372 786 939 871 proficisceretur,
986 791 1360 854 intercessit.

242 920 481 983 xxm.
525 921 775 982 Interea
805 923 1121 1008 temporis
1145 924 1467 989 Antonius
1501 938 1565 988 et
1587 927 1842 999 Caesar,
1873 945 2092 1009 quam-

127 1024 312 1088 quam
368 1002 434 1065 in
490 999 665 1066 exitu
712 1024 913 1066 annus
960 1020 1133 1076 erat,
1202 1006 1501 1071 abdicare
1548 1008 1849 1079 consules
1899 1021 2092 1091 atque

127 1098 470 1167 praetores
502 1082 831 1163 iuuerunt,
872 1101 942 1148 ut
974 1088 1038 1148 in
1071 1086 1292 1149 eadem
1328 1084 1585 1151 nomina
1618 1088 1861 1160 verius,
1904 1110 2093 1171 quam

15 1188 18 1193 ·
173 1164 538 1237 menatem,
581 1164 692 1226 alii
731 1164 1226 1241 sufficerentur,
1270 1190 1664 1254 magnopere
1706 1166 2095 1233 beneficium

125 1188 247 1310 {icc
279 1246 707 1321 adfectantes,
751 1248 906 1313 licet
939 1253 1246 1336 pauculos
1276 1251 1357 1313 ad
1388 1251 1529 1313 dies
1562 1273 1857 1325 mansura
1881 1251 2092 1351 digni-

128 1344 224 1393 tas
273 1327 771 1393 concederetur.
879 1334 1191 1395 Consules
1248 1331 1506 1396 suffecti
1563 1349 1708 1396 sunt
1750 1332 1822 1394 C.
1860 1334 2093 1397 Asinio
2154 1330 2390 1388 Utrum

126 1413 203 1474 P.
237 1409 544 1477 Canidius
581 1411 830 1475 Craffus
850 1458 871 1488 ‚
915 1415 1027 1479 Cn.
1057 1414 1348 1479 Domitio
1378 1417 1455 1475 L.
1482 1416 1825 1477 Cornelius
1852 1416 2092 1479 Balbus
2119 1400 2425 1472 30ms‘9'·

125 1493 451 1578 Hispanae
480 1493 789 1574 originis‚
837 1511 902 1559 et
925 1495 1212 1560 Gadibus
1243 1513 1449 1569 natus,
1495 1495 1610 1559 sed
1635 1496 1908 1559 amicitia
1933 1499 2093 1563 Cae·
2120 1481 2273 1528 ²⁸⁸⁸·

128 1597 340 1638 sarum
388 1589 454 1636 et
491 1574 837 1639 laboriosis
873 1576 1241 1641 ministeriis
1277 1600 1358 1642 eo
1389 1578 1777 1662 perductus,
1820 1593 1891 1641 ut
1928 1600 2097 1665 pon-

124 1655 432 1721 tificatum
473 1657 661 1718 etiam
704 1671 771 1720 et
802 1659 1192 1743 triumphum
1228 1661 1736 1744 adipisceretur:
1796 1660 1932 1734 vir,
1981 1663 2095 1746 qui

127 1758 257 1799 non
301 1738 448 1800 sine
490 1759 713 1820 magna
754 1743 1204 1803 controversia·
1245 1742 1525 1803 civitatis
1564 1740 1665 1820 jus
1703 1740 2089 1804 obtinuerat.

125 1818 297 1880 Idem
351 1819 429 1880 ad
480 1833 688 1897 tantas
731 1841 890 1906 opes
934 1837 1280 1906 provectus
1317 1823 1634 1895 traditur,
1698 1833 1768 1883 ut
1805 1824 2092 1885 moriens
2155 1865 2159 1869 -

125 1901 366 1985 populo
399 1902 688 1962 Romano
726 1904 958 1985 quinos
1000 1903 1264 1967 vicenos
1304 1904 1606 1966 denarios
1644 1904 1892 1987 legaret
1929 1905 2093 1965 viri-

122 1981 261 2044 tim.
350 1984 434 2044 Et
468 1982 536 2043 hi
573 1997 784 2046 tamen
823 1986 891 2047 in
928 1986 1171 2068 aliquot
1204 1987 1347 2047 dies
1383 1986 1707 2069 gefferunt
1740 1982 2091 2048 honoremt

15 2072 16 2075 ’
126 2080 414 2127 ceterum
465 2078 747 2125 extrema
789 2066 936 2127 anni
977 2065 1085 2128 die
1122 2082 1377 2129 mortuo
1420 2067 1613 2128 aedili
1656 2064 1963 2128 suffectus
2003 2060 2091 2128 est

126 2146 382 2231 quidam
418 2156 651 2229 paucas·
681 2147 745 2208 in
777 2147 993 2210 boras.
1054 2149 1302 2210 Eodem
1337 2170 1504 2210 anno
1532 2148 2092 2231 Septemvirorum

125 2230 376 2302 munia,
446 2227 618 2312 quod
669 2250 892 2290 eorum
945 2230 1010 2292 in
1058 2232 1221 2294 urbe
1274 2245 1413 2292 erat
1461 2250 1687 2302 nemo,
1743 2228 2091 2312 pontifices

17 2412 20 2437 r
123 2389 494 2476 pontifices,
534 2411 615 2452 ne
637 2390 939 2454 Kalendis

15 2308 16 2381 Ξ
126 2309 467 2372 obierunt:
529 2311 695 2372 sicut
757 2312 911 2373 alias
1015 2333 1226 2397 uoque
1279 2314 1490 2374 fuerat
1544 2311 1803 2372 factum.
1889 2309 2092 2373 iidem
2204 2376 2215 2389 ,

961 2333 1282 2458 Januariis
1311 2394 1631 2454 nundinae
1662 2395 1882 2465 efflent,
1914 2390 2092 2476 quod

17 2496 20 2551 '.
125 2474 480 2557 antiquitus
531 2474 887 2535 ominosum
941 2475 1329 2548 habebatur,
1393 2475 1852 2537 intercalarunt
1900 2494 2089 2535 unam

17 2628 18 2689 j
126 2657 195 2698 se
245 2638 460 2699 uentis
498 2637 739 2699 interca

17 2558 18 2625 ζ
126 2551 296 2616 diem
354 2554 567 2617 alieno
615 2568 741 2617 tem
794 2577 950 2632 ore,
1061 2579 1199 2619 uam
1252 2559 1486 2620 iterum
1542 2557 1895 2618 eximerent
1938 2554 2091 2617 anni

745 2578 983 2702 latione
1069 2640 1454 2703 issimulata=
1517 2638 1613 2703 sic
1662 2635 2091 2700 existimantes

17 2714 20 2765 ἶ
126 2738 199 2780 re
248 2719 417 2780 itura
451 2732 742 2803 tempora
785 2720 862 2782 ad
901 2722 1364 2807 praescriptam
1398 2744 1431 2782 a
1466 2722 1740 2782 Caesare
1777 2728 2086 2782 normam.

17 2814 20 2879 ᾗ
126 2799 256 2862 Sed
293 2820 484 2862 error
517 2799 631 2862 iste
659 2799 795 2884 post
829 2804 1102 2886 aliquam
1125 2806 1360 2866 multos
1387 2803 1638 2864 demum
1662 2821 1862 2862 annos
1888 2800 2091 2861 anim-

17 2894 20 2931 ‡
125 2882 436 2945 adversus
482 2881 590 2944 est.
686 2885 850 2946 Tum
894 2906 1053 2947 vero
1091 2886 1392 2948 consules
1428 2883 1617 2944 ludos
1697 2902 1773 2945 ro
1813 2882 2092 2944 victoria

17 2986 18 2989 ¹
71 3004 90 3019 2
122 2964 538 3049 Philippensi
598 2978 787 3027 votos
854 2966 1317 3042 exbibuerunt3
1386 2977 1453 3026 et
1510 2984 1628 3046 pae
1678 2983 1711 3023 a
1759 2983 1950 3047 ogum
2003 2963 2092 3023 li-

124 3045 511 3129 bertumque
559 3067 743 3108 suum
783 3048 1021 3112 Caesar
1071 3048 1333 3119 nomine
1379 3044 1674 3128 Sphaerum
1772 3042 2089 3108 onorifice

17 3152 18 3157 ¹
126 3127 453 3211 sepelivit.
517 3154 523 3169 =

244 3250 508 3313 xxxn.
553 3232 799 3337 Atque,
841 3265 914 3315 ut
941 3250 1252 3317 adversus
1269 3248 1726 3334 Parthostplus
1761 3248 1826 3312 in
1863 3247 2085 3311 orien-
2133 3252 2475 3308 Herodesreae

128 3344 191 3395 te
222 3333 701 3416 praesidiorum
741 3354 827 3417 po
874 3332 1020 3398 ulus
1050 3337 1373 3397 Romanus
1408 3331 1714 3406 haberet,
1773 3330 2085 3395 adsensus
2110 3323 2438 3395 “fluum“-

132 3411 216 3476 est
260 3415 586 3487 Antonio,
639 3411 823 3478 Hero
874 3415 975 3478 em
1011 3436 1233 3500 regem
1277 3429 1344 3478 et
1384 3415 1649 3476 amicum
1699 3412 2085 3496 adpellanti‚

127 3510 402 3580 propter
427 3497 755 3579 Antipatri
790 3497 1163 3561 memoriam
1200 3512 1266 3561 et
1299 3496 1509 3580 ipsius
1542 3496 1867 3557 virtutem.
1956 3493 2090 3557 Sed

127 3577 415 3641 Antonio
450 3572 738 3663 magnam
765 3579 1068 3642 Herodes
1101 3576 1438 3663 pecuniam
1469 3577 1877 3661 promiserat.
1959 3578 1985 3637 1
2035 3576 2090 3637 i-
2144 3600 2175 3622 ··

125 3671 266 3733 tur,
315 3672 541 3721 senatu
583 3660 645 3722 ei
686 3658 869 3733 dato,
916 3681 1110 3746 quum
1136 3660 1400 3724 Mesalla
1437 3672 1501 3720 et
1531 3658 1902 3730 Atratinus,
1952 3677 1989 3719 e
2019 3677 2093 3719 o-

122 3739 513 3825 quentiffimi
534 3740 687 3816 viri,
728 3742 957 3805 merita
974 3742 1262 3806 Herodis
1289 3740 1912 3827 commemorass'ent3
1955 3738 2092 3801 An-

309 3888 314 3901 l

191 3928 276 3984 Ga
326 3967 341 3982 .
368 3928 573 3984 xxxt.
610 3929 751 3986 Dio.
786 3928 956 4005 Pigh.
987 3929 1140 3987 Ann.
1175 3928 1332 3986 Plin.
1363 3945 1420 3998 ⁴7,
1451 3928 1540 3997 43.
1577 3924 1734 3984 Vell.
1764 3923 1926 3994 affin.
1960 3924 2090 3983 Cic.

123 4011 233 4066 pro
349 3996 476 4053 Ibo.
515 3998 651 4052 Dio.
720 4000 803 4055 Ca
853 4037 869 4053 .
904 4000 1113 4057 XXXII
1147 3997 1468 4073 Hegesipp.
1502 4014 1552 4061 ι,
1582 3996 1673 4053 80.
1708 3993 1949 4065 Josapb.
1974 3994 2098 4049 Aa·

123 4065 349 4208 aqibtk,
381 4069 470 4124 ²6.
498 4076 566 4124 at
593 4064 668 4123 da
699 4069 771 4127 B.
801 4016 939 4125 fua.
978 4086 1028 4138 ι,
1059 4085 1148 4127 n.
1182 4067 1401 4127 naueh.
1437 4065 1660 4124 Chron.
1696 4061 2096 4137 Appiandlo·
