2675 4642
602 274 676 320 ω
748 219 1159 321 FRE'msH.
1182 217 2026 319 suPPLEMENronuM
2055 247 2543 317 mexxtv.

344 468 540 532 δήθ’·
600 470 836 543 effatu,
882 467 1225 531 indicabat.
1294 465 1470 527 unde
1512 468 1700 528 etiam
1742 465 1924 538 dies,
1972 465 2084 549 qui
2115 462 2614 550 prinms·cala-'

352 536 419 592 G·
445 539 538 594 5⁰·
598 550 821 631 batur,
863 551 1247 611 Kalendarum
1287 567 1525 610 nomen
1566 548 1874 633 retinuitz
1929 561 2026 621 et,
2071 547 2372 631 quoniam
2406 549 2608 610 alio·-
2633 580 2650 587 “

596 654 743 695 rum
782 633 1101 715 mensium
1141 629 1485 713 quintanae
1524 642 1688 693 sunt.
1714 633 1973 702 Nonae,
2039 630 2312 691 aliorum
2368 632 2630 714 septi-‘

592 735 817 777 manae
838 758 861 787 ,,
918 713 1241 775 calabatur
1279 731 1424 773 cum
1458 711 1589 773 hoc
1628 710 2043 786 discrimine,
2102 725 2173 773 ut
2208 731 2333 795 pro
2368 713 2608 774 ratio-

591 817 678 860 ne
711 798 953 859 mensis
976 838 993 869 ,
1062 807 1206 866 aut,
1260 796 1378 853 dies
1421 813 1474 853 te
1509 798 1744 875 quinque
1777 794 1891 854 calo
1926 793 2088 869 Juno
2122 792 2369 866 novella,
2423 807 2598 875 aut,

576 881 788 965 septem
826 880 943 940 dies
981 897 1033 936 te
1070 868 1183 936 ca‘lo
1218 873 1380 951 Juno
1416 874 1663 949 novella,
1719 874 2285 961 pronunciaretur.
2376 877 2606 938 Cete-

589 982 738 1025 rum
770 983 902 1022 non
940 956 1217 1041 singulis
1253 958 1474 1029 annis,
1518 957 1632 1021 sed
1662 979 1785 1043 per
1811 958 2146 1031 octennia‚
2191 958 2609 1021 moris-erat

564 1042 997 1105 'intercalariz
1059 1044 1264 1122 eaque
1306 1041 1449 1121 ipsa
1487 1060 1595 1101 res
1626 1040 2011 1126 quandoque
2039 1053 2311 1125 propter
2340 1063 2414 1102 su
2470 1061 2604 1102 er-

589 1123 912 1188 ssitionem
946 1122 1163 1184 omiss'a
1199 1134 1372 1183 erat:
1431 1142 1903 1205 nonnumquam
1932 1143 2094 1184 vero
2124 1124 2409 1206 intempe
2469 1123 2610 1185 ive

583 1221 931 1290 usurpata,
982 1222 1176 1286 quum
1209 1202 1702 1286 publicanorum
1742 1202 2082 1289 cupiditati
2116 1204 2608 1288 quidam-pon·-⁸

587 1286 804 1350 tifices
839 1280 1215 1371 gratificati,
1325 1282 1764 1346 roductiorem
1800 1300 1906 1347 aut
1938 1285 2306 1347 breviorem
2342 1304 2604 1347 annum

590 1390 674 1432 ex
714 1369 1270 1431 illorum‚commo
1321 1388 1361 1428 o
1397 1362 1711 1430 facerent.
1796 1373 1943 1433 Non
1983 1367 2112 1430 alio
2147 1381 2366 1441 autem·
2393 1388 2604 1429 men-

490 1514 499 1525 ,
592 1472 702 1524 se,
753 1472 941 1535 quam
969 1447 1367 1524 Februario,
1425 1449 1800 1511 intercalari
1833 1449 1933 1513 fas
1969 1462 2141 1525 erat,
2186 1449 2608 1512 Terminali-

589 1533 712 1596 bus
750 1533 874 1613 jam
907 1531 1217 1617 peractis.
1289 1612 1295 1617 ἡ

249 465 329 521 n.

255 537 329 591 A.

715 1656 858 1720 Vll.
921 1653 992 1718 ld
1031 1675 1112 1715 eo
1150 1673 1411 1736 quoque
1450 1669 1617 1714 anno
1654 1652 1804 1716 fieri
1833 1654 2032 1716 Curio
2071 1674 2266 1738 quum
2302 1651 2607 1737 postula-

589 1751 732 1809 ret,
777 1757 906 1796 non
949 1735 1258 1820 ignorans
1301 1736 1580 1798 alienum
1618 1738 1783 1808 effe,
1816 1737 2009 1814 (nam
2046 1751 2111 1799 et
2146 1736 2290 1819 ipse
2326 1748 2472 1797 erat
2507 1755 2605 1798 eo

596 1816 968 1880 sacerdotio
1028 1816 1405 1901 praeditus)
1461 1819 1668 1879 ceteri
1722 1817 2070 1901 pontifices
2124 1817 2613 1894 reclamabant-A

593 1892 822 1984 Igitur,
854 1919 1049 1980 quum
1079 1898 1367 1960 obtineri
1395 1919 1528 1959 non
1554 1899 1762 1982 poss'et
1786 1898 1870 1960 de
1897 1898 2408 1972 intercalatione,
2436 1900 2608 1978 (ne-

344 2051 360 2067 ·
598 2000 728 2066 que
771 1979 966 2041 etiam
1002 1980 1131 2041 hoc
1170 1978 1471 2060 volebat)
1516 1983 1703 2065 quasi
1741 2001 1865 2065 per
1902 1980 2063 2042 iram
2100 2001 2183 2042 ne
2220 1994 2608 2042 ceterarum

228 2053 386 2107 curm
399 2049 573 2127 rafim
601 2061 865 2147 quidem
900 2081 1120 2122 rerum
1157 2060 1508 2145 quidquam
1544 2064 1649 2146 agi
1681 2063 1891 2147 pass'us
1928 2062 2037 2125 est.
2105 2064 2258 2124 Mox
2289 2060 2605 2145 apertius

218 2140 321 2244 {m
343 2123 575 2241 “552⁶'‘
598 2163 723 2238 pro
752 2140 1033 2205 Caesare
1066 2142 1281 2225 loqui,
1330 2148 1429 2217 et,
1475 2164 1605 2228 quo
1634 2146 1916 2228 agitaret·
1942 2143 2307 2229 optimates,
2353 2144 2607 2205 multas

252 2205 371 2263 σμ’
402 2207 436 2240 ⁸⁸
478 2222 495 2241 ⁹
599 2238 839 2306 jactare
879 2225 1062 2307 leges
1099 2223 1353 2306 coepitz
1421 2245 1551 2286 non
1594 2226 1771 2309 quod
1812 2224 2100 2309 perferri
2143 2226 2321 2309 poss'e
2365 2245 2610 2310 spera-

601 2319 743 2379 ret,
799 2304 926 2369 *sed
980 2305 1272 2367 obtentui
1321 2305 1660 2368 habiturus
1706 2306 1785 2368 ad
1830 2307 2359 2379 interceffiones,
2427 2327 2606 2392 quas

602 2386 910 2473 parabat:
969 2385 1388 2446 Alimentam‘am
1430 2388 1789 2470 imprimis,
1835 2403 1902 2449 et
1940 2391 2215 2461 Viariam,
2264 2389 2423 2484 (qua
2471 2410 2609 2448 nu-

605 2490 825 2530 merus
878 2463 1311 2529 definiebatur
1361 2468 1809 2531 vehiculorum
1861 2484 1928 2531 et
1974 2470 2280 2531 comitum
2331 2483 2463 2532 iter
2503 2469 2613 2531 fa-

607 2550 931 2613 cientibus
958 2591 975 2621 ,
1023 2562 1402 2632 praetextu,
1451 2552 1725 2633 opinor,
1771 2551 2119 2613 Clodianae
2158 2551 2379 2633 necis,
2409 2624 2414 2631 Ι
2442 2550 2612 2612 alia-

609 2652 737 2716 que
789 2631 871 2693 de
927 2630 1294 2692 muniendis
1342 2628 1837 2716 sternendisque
1889 2634 2016 2694 viis
2063 2632 2609 2712 continebantur)

607 2727 808 2797 utque
852 2733 930 2774 ea
967 2712 1216 2773 curatio
1260 2707 1389 2773 sibi
1431 2713 1500 2773 in
1538 2714 2047 2798 quinquennium
2092 2714 2376 2787 daretur,
2420 2714 2617 2776 fere-

607 2795 739 2858 bat.
824 2793 1027 2877 Atqui-
1070 2793 1196 2855 hoc
1240 2808 1441 2876 eaput
1487 2809 1710 2857 contra
1758 2797 2075 2859 Liciniam
2121 2796 2613 2879 Aebutiamque

607 2877 792 2959 leges
825 2896 1115 2958 pugnare
1154 2896 1284 2937 non
1316 2876 1692 2959 ignorabat,
1737 2878 2021 2961 ideoque
2048 2878 2345 2948 Rullum,
2390 2877 2615 2960 Agra-

607 2959 746 3021 riae
788 2958 955 3039 legis
996 2971 1322 3019 auctorem
1347 2999 1363 3029 ,
1411 2978 1607 3044 quum
1641 2959 1877 3021 similia
1909 2973 2205 3043 peteret,
2248 2959 2615 3029 vehemen-

606 3052 712 3113 ter
742 3039 1129 3121 exagitatum
1164 3038 1389 3100 fuiss'ee
1434 3039 1553 3101 sed
1583 3042 1884 3104 consulto
1919 3041 2391 3125 promulgabat,
2426 3038 2614 3123 quod

608 3143 645 3182 a
687 3119 1102 3203 Pompeianis
1155 3140 1228 3181 re
1278 3119 1632 3182 rehensum
1687 3121 1903 3202 justam
1958 3122 2085 3186 sibi
2141 3124 2413 3185 cauffam
2467 3120 2615 3185 istis

609 3203 905 3288 partibus
942 3202 1198 3265 irascen
1250 3202 1272 3262 i
1309 3201 1556 3265 dediss'e
1598 3204 1982 3268 videretur.-

259 3329 590 3399 Refertur&
736 3325 908 3387 VIII.
955 3324 1168 3420 Quum
1205 3316 1382 3391 inter
1413 3326 1574 3389 baec
1604 3328 1930 3392 Kalendae
1960 3320 2232 3391 Martiae
2261 3328 2612 3403 veniss'ent,

238 3405 561 3483 successqone
619 3405 853 3490 quibus
892 3428 972 3469 ex
1010 3409 1573 3472 senatusconsulto
1616 3410 1860 3473 referri
1900 3411 1982 3472 de
2020 3413 2420 3474 success'ione
2445 3413 2615 3473 Cae·-

247 3474 525 3526 C‘““'¹⁸·
607 3488 784 3549 -saris
826 3488 1202 3570 oportebat,
1259 3490 1580 3574 Gaiusque
1624 3491 1974 3554 Marcellus
2026 3514 2102 3555 ea
2158 3493 2240 3556 de
2286 3514 2360 3554 re
2406 3491 2619 3555 verba

206 3570 211 3579 '
500 3640 507 3645 ,
612 3568 908 3630 feciss'et:
976 3569 1313 3713 plerisqzue
1372 3573 1937 3646 adsentientibus,
2009 3576 2258 3658 collega
2308 3573 2616 3649 Marcelli

614 3651 881 3718 Paullus
920 3653 975 3712 si
1004 3654 1140 3715 uitt
1246 3655 1396 3717 urio
1420 3696 1438 3728 ,
1482 3655 1741 3717 laudato
1770 3658 2069 3724 Marcelli
2101 3658 2353 3731 animo,
2398 3660 2615 3717 adden-

614 3733 746 3792 dum
797 3735 1100 3796 monebat
1120 3776 1138 3808 ,
1198 3754 1262 3792 ut
1302 3740 1518 3811 pariter
1548 3739 1837 3816 Pompejus
1872 3744 2182 3817 provincias
2228 3759 2286 3799 ec
2333 3742 2616 3798 exercitus

602 3813 735 3897 ficos
775 3816 1103 3877 dimitteret.
1192 3815 1457 3881 Sciebat
1495 3815 1623 3882 boc
1666 3818 1932 3883 min-ime
1965 3819 2288 3888 facturum
2328 3815 2614 3905 Pompe·

688 4006 835 4079 Cap.
869 4007 976 4062 VI.
1029 4007 1300 4064 Macrob.
1389 4009 1537 4082 Cap.
1573 4009 1709 4064 Vll.
1759 3984 1905 4064 bio.
1962 4006 2089 4065 Cic.
2136 4006 2213 4064 ad
2253 4011 2418 4064 Fam.
2451 4006 2523 4069 8,
2554 4003 2613 4060 6.

617 4074 757 4131 Dio.
794 4075 1049 4147 Appian.
1087 4079 1212 4132 Cic.
1254 4076 1512 4151 Appian.
1550 4075 1675 4133 Cic.
1706 4076 1781 4134 de
1801 4078 2174 4154 Leg.Agrar.
2195 4096 2247 4147 ι,
2262 4078 2321 4136 8.
2355 4074 2616 4153 Appian-

622 4141 748 4201 cic.
780 4145 856 4201 ad
882 4149 1045 4202 Fam.
1073 4146 1130 4217 8,
1163 4149 1221 4205 8.
1258 4159 1403 4219 εις.
1449 4145 1708 4223 Appiau.
1747 4147 1888 4206 Dio.
1925 4148 2085 4206 Plut.
2325 4193 2336 4207 .-
