2675 4642
464 432 590 513 706.

303 442 377 498 U.
394 461 449 498 c.

301 515 379 569 A.
390 515 462 570 C.
480 517 570 582 46.
590 531 595 546 ·

1758 99 1774 124 η
1831 109 1836 116 .

632 235 751 310 ¹74
809 179 1217 295 FRmNsH.
1245 204 2086 291 surPLEMENToRUM
2105 221 2628 284 nmmxxix.

628 421 916 523 praemia
944 436 1227 530 ‘insuper
1257 432 1569 495 Romanis
1614 432 1695 494 ad
1736 453 1808 495 se
1845 434 2190 496 access'uris
2234 434 2389 496 ess'et
2439 432 2658 515 poni

632 522 837 593 citus,
886 540 965 580 ex
1001 516 1372 600 legionibus
1406 516 1741 598 Scipionis
1779 530 1998 613 quarta
2040 531 2106 577 et
2139 531 2336 589 sexta,
2379 516 2464 576 in
2512 517 2649 599 qui

628 603 752 664 bus'
788 598 1043 664 Gaetuli
1080 612 1285 671 eran-t,
1333 596 1513 658 cives
1542 601 1818 659 Romam
1847 599 2147 695 plerique
2180 620 2435 670 omneS‚
2497 617 2659 680 per·

629 684 859 756 multi,
904 682 1140 767 partim
1178 681 1245 739 in
1287 677 1485 741 castra
1522 679 1819 742 Caesaris
1843 723 1860 753 ,
1905 695 2139 764 partim
2178 702 2305 765 quo
2344 681 2659 763 quisqu«

628 758 890 856 potuit',¹
941 762 1323 848 perfugere.
1410 762 1688 844 Equites
1725 762 1953 836 etiam,
2014 763 2125 846 qui
2164 784 2245 824 ex
2284 761 2487 823 clade
2530 766 2659 826 Cu·

530 885 539 894 -
629 849 841 908 rionis
896 844 1066 929 apud
1116 845 1363 905 Varum
1415 857 1900 917 remanserant,
1968 847 2338 929 complures
2393 844 2659 906 eoden

266 1251 275 1262 ⁸
352 1242 576 1296 Caesar

289 1312 558 1381 quosdam

292 1396 406 1433 cum
443 1381 588 1447 igno-

291 1449 465 1501 minia
510 1449 591 1501 di·

291 1517 492 1574 mittit.

631 928 911 990 consilio
955 941 1105 989 sunt
1143 926 1268 987 usi.
1357 924 1489 987 Sed
1539 937 1604 986 et
1646 927 1945 998 Gaetuli,
2016 947 2180 1009 quos
2225 948 2370 987 cum
2409 926 2659 988 literis

634 1010 933 1073 Caesaris
971 1009 1228 1070 domum
1265 1007 1378 1068 iss'e
1413 1008 1731 1080 diximus,
1782 1009 1962 1072 cives
2003 1030 2157 1074 suos
2181 1009 2277 1070 ‘ad
2311 1006 2659 1071 deficien-

635 1091 787 1153 dum
825 1113 860 1151 a
904 1111 1062 1175 rege
1097 1091 1263 1153 Juba
1301 1090 1756 1173 perpulerunt.
1995 1090 2010 1102 ⁸

751 1221 1016 1286 xxvn.
1064 1222 1199 1284 Sub
1238 1221 1711 1304 idem·tempus
1749 1240 1918 1283 nona
1955 1235 2021 1284 et
2054 1221 2304 1285 decima
2325 1226 2659 1306 Caesaris

634 1307 932 1388 legiones
977 1324 1058 1366 ex
1092 1304 1316 1366 Sicilia
1357 1316 1679 1368 venerunt
1724 1303 1806 1364 ob
1854 1303 2137 1388 inopiam
2189 1308 2457 1369 navium
2521 1320 2659 1368 tar-

638 1389 807 1449 dius.
870 1408 1057 1483 quam
1104 1398 1329 1447 nactus
1371 1406 1585 1447 ansam
1631 1387 1868 1446 Caesar
1908 1390 1977 1449 C.
2011 1390 2330 1450 Avienum
2355 1432 2384 1460 ,.
2421 1390 2659 1450 tribu-

633 1491 785 1530 num
829 1468 1101 1529 militum
1139 1467 1423 1550 legionis
1465 1466 1791 1540 decimae,
1854 1487 1997 1529 cum
2038 1470 2395 1553 ignominia
2446 1470 2659 1530 dimi-

636 1553 760 1624 sit,
829 1549 1005 1635 quod
1046 1570 1273 1612 navem
1310 1550 1554 1610 familia
1592 1562 1705 1609 sua
1739 1549 2175 1635 jumentisque
2212 1566 2278 1615 et
2311 1573 2659 1614 commea-

631 1648 705 1697 tu
750 1646 1222 1715 occupaverat,
1285 1631 1627 1692 immemor
1673 1631 1791 1691 sub
1833 1652 1915 1693 eo
1968 1654 2037 1694 se
2084 1635 2496 1719 imperatore
2547 1634 2659 1696 sti-

619 1716 871 1799 ·pendia
901 1719 1159 1787 facere,
1207 1712 1377 1797 quis
1402 1713 1671 1772 maxima
1709 1713 1898 1775 class'e
1929 1716 2329 1778 Britanniam
2370 1731 2653 1801 petenS,

558 1848 562 1854 .
630 1813 772 1861 tres
810 1809 1053 1859 tantum
1080 1815 1327 1859 ‘servos
1368 1816 1521 1855 suos
1561 1795 1986 1875 imposuerat.
2072 1798 2318 1860 Eadem
2372 1814 2443 1861 et
2487 1800 2654 1861 ‘aliis

634 1867 1016 1963 quibusdam
1050 1878 1410 1962 ignominia
1445 1876 1658 1937 addita
1682 1920 1699 1950 ,
1759 1899 1924 1961 quos
1968 1877 2051 1940 ob
2097 1881 2508 1944 seditionem
2548 1904 2653 1942 ra-

629 1963 949 2047 pinasque
985 1961 1190 2023 factas
1228 1960 1296 2020 in
1325 1961 1508 2022 Italia
1547 1960 1709 2020 clam
1745 1960 1995 2023 oderat.

749 2095 1041 2158 XXVIII.
1091 2094 1403 2156 Interess'e
1445 2093 1733 2156 arbitror
1766 2093 1909 2178 ipsa
1943 2094 2187 2159 referri
2215 2095 2420 2158 verba
2448 2114 2649 2181 prae-

625 2176 980 2244 stantissimi
1002 2178 1087 2236 im
1142 2177 1446 2239 cratoris.
1488 2176 1801 2260 Tribunis
1826 2178 2454 2263 centurionibusque
2482 2200 2648 2241 con-

625 2261 875 2325 vocatis
924 2200 1266 2332 omnibus,
1330 2259 1587 2319 Maxime
1628 2259 1861 2332 vellem,
1920 2260 2171 2345 inquit,
2230 2261 2475 2321 homines
2506 2263 2646 2342 suae

597 2399 602 2424 ι
622 2343 964 2427 petulantiae
997 2347 1294 2421 nimiaeque
1320 2340 1599 2401 libertatis
1632 2339 1925 2422 aliquando
1946 2346 2113 2422 finem
2132 2341 2409 2424 feciffieut,
2458 2363 2642 2401 meae-

631 2446 733 2506 que
765 2424 1013 2483 lenitatis
1034 2465 1054 2496 ,
1099 2423 1379 2500 modestiae
1399 2465 1417 2496 ‚
1459 2426 1759 2504 patientiae
1799 2427 2068 2496 rationem
2109 2423 2435 2505 habuiffint.
2508 2427 2638 2498 Sed,

629 2510 885 2587 quoniam
923 2502 1028 2585 ipsi
1043 2504 1153 2584 sibi
1190 2525 1360 2585 neque
1394 2505 1608 2564 inodum
1631 2545 1648 2577 ,
1709 2525 1876 2586 neque
1924 2510 2216 2568 terminum
2256 2508 2599 2587 constituunt
2618 2547 2635 2580 ,

629 2608 733 2669 quo
773 2593 939 2645 ceteri
974 2585 1310 2664 diffimiliter
1329 2585 1396 2668 β
1420 2606 1655 2669 gerant,
1697 2608 1897 2669 egomet
1930 2589 2040 2671 ipfi’
2073 2587 2453 2650 documentum
2489 2613 2639 2651 more

629 2668 872 2728 militari
913 2670 1252 2746 constituam.
1344 2670 1414 2730 C.
1454 2671 1696 2742 Aviene,
1743 2670 1974 2750 quadiu
2003 2669 2179 2749 Italia
2210 2672 2411 2732 milites
2443 2673 2642 2756 populi

630 2750 865 2809 Romani
901 2770 1092 2810 contra
1132 2750 1513 2831 rempublicam
1554 2750 1853 2833 instigasti,
1902 2758 2229 2833 rapinasque
2261 2770 2362 2833 per
2397 2760 2636 2817 munici-

625 2835 722 2913 pia
744 2831 929 2913 jecisti
946 2855 965 2903 ‚·
1008 2833 1256 2913 quodque
1295 2832 1428 2892 mihi
1464 2837 1647 2914 reique
1681 2830 1926 2914 publicae
1963 2835 2180 2894 inutilis
2199 2836 2397 2917 Jutsti;
2452 2859 2510 2899 et
2535 2857 2640 2920 pro

631 2912 898 2974 militibus
937 2934 1086 2974 tuam
1118 2913 1398 2996 familiam
1416 2915 1778 2995 jumentaque
1813 2920 1873 2975 in
1911 2938 2075 2994 naves
2110 2918 2402 2999 imposuisti
2416 2943 2440 2992 ‚-
2507 2941 2633 2981 tua-

631 3015 732 3077 que
766 3013 929 3077 opera
965 2995 1233 3058 militibus
1261 3015 1512 3079 *tempore
1547 2994 1828 3076 necffzrio
1865 2998 2166 3080 respublica
2203 3020 2386 3059 caret:
2440 3003 2509 3063 ob
2546 3022 2634 3063 eas

631 3098 722 3137 res
775 3083 794 3135 i
832 3081 1096 3152 nominiae
1147 3077 1321 3160 cauffa
1369 3079 1435 3139 ab
1476 3082 1722 3138 exercitu
1769 3100 1882 3141 meo
1934 3102 1986 3141 te
2033 3101 2312 3144 removeo.-
2370 3083 2632 3167 hodieque

631 3179 700 3218 ex
727 3164 777 3219 Α
811 3161 923 3220 'ica
956 3159 1161 3240 abeffe,
1209 3184 1300 3235 et,
1346 3179 1609 3242 quantum
1646 3162 1853 3241 potest,
1896 3160 2163 3246 profictfii
2180 3165 2384 3244 jubeo„
2456 3169 2627 3229 Item-

628 3260 733 3321 que
771 3261 858 3314 te,
902 3245 976 3303 A.
1010 3244 1242 3316 Fonte'i,
1288 3245 1436 3324 quod
1478 3240 1736 3302 tribunus
1777 3246 2015 3306 militum
2043 3247 2375 3329 seditiosus,
2423 3250 2631 3311 malus-

637 3344 742 3404 que
776 3327 911 3385 civis
935 3326 1102 3408 fuisti
1120 3367 1137 3400 ,
1198 3325 1263 3385 ab
1299 3329 1546 3386 exercitu
1585 3325 1827 3388 dimitt0.
1921 3328 1989 3388 T.
2019 3328 2266 3404 Saliene,
2329 3331 2427 3394 M.
2469 3331 2622 3403 Tiro,

623 3408 713 3469 ·C.
756 3404 1038 3486 Clusinus,
1101 3428 1267 3489 quum
1286 3451 1303 3483 ,
1365 3408 1586 3468 ordines
1636 3410 1697 3466 in
1742 3429 1854 3469 meo
1875 3415 2132 3471 ‘exercitu
2169 3407 2416 3491 beneficio
2435 3458 2455 3489 ‚
2521 3431 2628 3475 non

635 3493 848 3549 virtute
866 3533 883 3564 ,
944 3489 1286 3573 consequuti,
1332 3495 1414 3551 ita
1456 3511 1549 3550 vos
1580 3488 1855 3574 gesseritis
1872 3535 1891 3567 ‚
1933 3513 1998 3553 ut
2032 3515 2200 3575 neque
2234 3493 2373 3554 bello
2409 3500 2619 3578 fortes,

631 3592 801 3652 neque
833 3590 958 3652 pace
991 3572 1115 3633 boui
1151 3594 1249 3633 aut
1286 3574 1450 3634 utiles
1474 3574 1714 3654 fueritis
1732 3616 1750 3646 ,
1817 3597 1872 3636 et
1911 3580 2079 3659 magis
2114 3581 2176 3638 in
2196 3577 2468 3660 seditione
2499 3598 2622 3639 con-

631 3655 841 3714 citandi
887 3654 1089 3731 milites
1132 3656 1393 3738 adversus
1436 3655 1671 3736 vestrum
1712 3660 2093 3741 imperatorem
2115 3702 2132 3732 ,
2195 3681 2353 3741 quam
2393 3661 2622 3742 pudoris

572 3781 577 3790 .
632 3735 1051 3838 modcstiaeqael,
1084 3735 1324 3823 fueritis
1347 3735 1698 3819 studiosiores
1719 3781 1736 3813 ,
1796 3743 2048 3906 imiffinos
2086 3765 2180 3803 vos
2218 3741 2316 3822 effi’
2352 3744 2614 3811 arbitror,

632 3821 728 3898 qui
763 3819 823 3877 in
854 3840 968 3881 meo
1003 3825 1249 3881 exercitu
1279 3823 1510 3894 ordines]
1530 3822 1767 3895 ducatis,
1813 3829 1886 3884 mi
1931 3845 2090 3908 osque
2108 3830 2286 3909 fizcio,
2329 3845 2403 3900 et,
2448 3842 2615 3907 quan-

637 3919 756 3960 tum
794 3903 997 3981 potest,
1042 3901 1211 3992 abest}
1244 3925 1313 3964 ex
1337 3904 1537 3987 Africa
1555 3904 1749 3985 juben.

712 4128 857 4204 Cap.
891 4129 1128 4193 xxvn.
1164 4131 1381 4190 Athen.
1416 4136 1469 4205 6,
1505 4153 1592 4194 ao.
1640 4137 1813 4195 Auct.
1850 4134 1924 4194 de
1953 4140 2026 4196 B.
2056 4091 2270 4196 Afric·-
