2675 4642
391 224 495 288 -m
540 194 838 319 metm
871 222 1040 283 Lm.
1081 219 1454 283 cxxxvii.
1500 215 1737 284 mvn.
1949 217 2074 298 767

93 414 258 493 ti'um
295 428 725 492 credebamur
747 470 762 499 ‚
827 448 1025 509 super
1061 442 1276 488 cetera
1298 469 1315 498 ,
1379 427 1538 488 victi
1572 428 1641 489 in
1667 429 1913 491 Amisia
1945 428 2069 491 ssu·
2135 432 2202 490 U.
2234 450 2290 486 c.
2323 432 2447 500 74⁰·
2502 488 2513 497 s

94 514 276 573 mine
311 511 518 573 navali
555 530 763 593 pugna
801 510 1144 581 Bructeri,
1191 529 1312 570 nec
1346 509 1729 593 propinquis
1764 510 2068 574 litoribus
2133 503 2204 559 Δ·
2229 504 2300 558 C·
2328 519 2406 555 ¹²·

94 592 377 667 abstenta
419 611 626 667 arma3
692 590 901 652 donec
946 591 1119 652 natio
1165 591 1569 662 Frisiorum,
1631 611 1791 674 pace
1828 595 2070 676 petita,

83 668 421 738 'facturam
464 674 772 756 imperata
820 673 1264 755 polliceretur.

229 781 402 845 vm.
475 781 609 838 Per
653 779 1001 839 immensos
1050 776 1288 839 deinde
1322 777 1498 838 lacus
1533 772 1667 847 acta
1702 778 1929 851 class’e,
2002 779 2073 839 in
2135 777 2361 836 chauci·

96 862 397 924 Chaucos
442 873 879 942 penetratum,
946 880 1183 919 summa
1225 879 1349 942 ope
1386 871 1642 922 tuentes
1683 860 2071 934 libertatem,

99 965 293 1028 quam
335 941 546 1001 ferme
601 941 800 1002 solam
856 941 1274 1003 humanorum
1337 941 1655 1004 bonorum
1715 941 2071 1014 habebant,
2164 1010 2171 1017 ‚

97 1039 240 1087 tota
292 1024 472 1089 vitae,
500 1022 753 1083 ratione
800 1022 1146 1105 insigniter
1183 1024 1442 1085 misera.
1526 1028 1682 1086 Nam
1722 1024 1787 1083 in
1837 1021 2074 1108 aestua·

99 1108 227 1167 riis
264 1105 495 1166 dubiae
532 1103 973 1186 poss'effioniS,
1032 1104 1238 1164 solum
1273 1122 1395 1187 per
1442 1103 1731 1188 singulos
1766 1104 1912 1167 dies
1953 1120 2073 1167 no·
2162 1098 2166 1107 ’

102 1203 375 1271 ctesque
407 1188 775 1248 vindicante
811 1205 1076 1257 oceano,
1122 1204 1248 1245 non
1277 1186 1753 1268 agriculturam,
1796 1207 1927 1247 non
1961 1206 2074 1249 ve·

108 1284 322 1331 natum
362 1268 781 1339 exercebant,
826 1266 1174 1328 mansuetis
1206 1268 1398 1328 etiam
1436 1266 1812 1330 animalibus
1852 1288 2079 1331 carens

106 1366 236 1416 tes.¹
297 1349 583 1433 piscibus
632 1349 901 1411 maxime
955 1348 1313 1411 vivebatur.
1380 1367 1463 1410 ne
1511 1349 1778 1412 arbores
1813 1350 2079 1435 quidem

106 1433 391 1495 fructum
431 1444 538 1493 aut
567 1431 734 1514 ligna
775 1429 1201 1512 praebebantz
1244 1429 1644 1492 bituminoso
1680 1431 1816 1494 luto
1841 1475 1859 1503 ,
1903 1431 2080 1517 quod

108 1514 403 1575 manibus
450 1513 874 1595 compress'um
917 1515 1200 1584 siccant,
1258 1511 1338 1573 ad
1368 1511 1746 1595 coquendos
1788 1515 1972 1576 cibos
2012 1527 2080 1577 et

107 1595 393 1665 fovenda
439 1614 716 1676 corpora
756 1594 928 1678 ignis
962 1593 1272 1661 alebatur.
1356 1598 1424 1655 ln
1456 1592 1685 1677 mag'no
1721 1594 1811 1657 ibi
1840 1595 2078 1658 discri-
2137 1634 2147 1644 ·

108 1678 283 1739 mine
307 1679 557 1738 Drusus
595 1676 743 1748 fuit,
791 1698 983 1759 quum
1028 1674 1340 1737 recedens
1369 1674 1522 1737 stato
1558 1690 1853 1760 tempore
1886 1697 2077 1739 ocea-

108 1781 229 1822 nus
278 1760 539 1841 ignaros
574 1759 866 1819 locorum
911 1759 978 1818 in
1018 1758 1196 1818 sicco
1236 1756 1626 1819 destituiss'et.
1710 1759 2078 1822 Frisiorum

108 1840 240 1902 fide
279 1841 537 1911 factum,
585 1860 667 1902 ne
698 1838 852 1923 quid
894 1839 1263 1902 detrimenti
1297 1840 1730 1924 adciperetur,
1777 1842 1909 1924 qui,
1954 1861 2045 1901 nu

155 1943 234 1983 er
281 1923 435 1983 inita
478 1922 830 1993 societate,
895 1941 1035 1983 cum
1086 1919 1488 2004 pedestribus
1532 1920 1739 2004 copiis
1789 1922 2074 1984 aderant.

103 1947 245 2066 {Ias
294 2005 375 2064 ob
417 2001 833 2065 difficultates
858 2044 875 2075 ‚
948 2023 1102 2087 quas
1139 2004 1517 2065 immensum
1563 2016 1824 2065 auctura
1867 2003 2078 2064 immi·-

99 2108 272 2157 nens
309 2086 430 2167 jam
459 2085 666 2146 hiems
698 2083 1072 2157 videbatur,
1133 2085 1386 2145 Drusus
1409 2129 1425 2156 ,
1473 2083 1761 2146 reductis
1792 2087 1860 2146 in
1887 2105 2075 2169 paca-f
2134 2089 2353 2148 Drusus
2418 2142 2423 2145 .

100 2184 171 2230 ta
208 2169 416 2251 copiis
440 2210 455 2239 ,
501 2168 766 2227 Romam
798 2165 1035 2245 rediit3
1080 2166 1516 2251 exceptusque
1557 2166 1773 2228 multis
1806 2166 2073 2229 honori·
2095 2172 2317 2231 P'l‘u'
2340 2164 2437 2229 fl·

102 2252 255 2322 bus,
302 2263 366 2310 et
401 2251 468 2309 in
506 2268 734 2308 annum
775 2255 1150 2341 sequentem
1187 2262 1449 2329 praetor
1474 2249 1752 2309 urbanus
1778 2244 2073 2331 designa}
2099 2241 2219 2281 “¹¹⁸
2248 2232 2410 2287 '¹¹⁶⁸'

103 2346 215 2394 tus
266 2328 385 2392 est:
430 2352 620 2414 quum
664 2343 847 2390 antea
877 2349 999 2406 jam
1029 2329 1307 2411 insignia
1340 2329 1665 2411 praetoria
1704 2311 2223 2413 adeepilrec—m·

234 2415 343 2474 1X.
389 2412 470 2497 Q.
526 2411 759 2473 deinde
795 2411 983 2472 Aelio
1020 2409 1101 2504 Q.
1146 2413 1223 2472 F.
1267 2411 1652 2484 Tuberone,
1696 2413 1922 2473 Paullo
1954 2414 2074 2473 Fa·
2138 2432 2205 2486 u,
2236 2434 2449 2501 θήῃ..

103 2495 225 2556 bio
254 2493 334 2589 Q
354 2496 428 2555 F.
450 2495 726 2554 Maximo
767 2493 1159 2567 consulibus,
1204 2490 1372 2552 idem
1409 2493 1681 2563 Drusus,
1730 2494 1917 2555 simul
1957 2514 2078 2576 per
2151 2504 2302 2558 hc.
2328 2520 2413 2554 n.

103 2592 366 2659 tempus
410 2576 557 2638 anni
595 2576 839 2658 potuit,
883 2573 1115 2636 Rheno
1158 2574 1393 2637 iterum
1430 2588 1766 2659 superato,
1825 2576 1891 2636 in
1934 2577 2075 2636 Usi·
2137 2574 2210 2650 Q·
2242 2571 2447 2635 Aelim

79 2673 299 2743 ,petes
336 2672 401 2721 et
431 2661 789 2719 Tencteros
826 2656 1164 2740 ingreII'uS,
1209 2677 1336 2719 non
1374 2671 1519 2720 ante
1559 2653 1818 2729 destitit,
1866 2679 2072 2740 quam,
2102 2639 2309 2724 Pimu⁰
2340 2643 2448 2694 Fa.
2544 2716 2551 2721 .

102 2741 324 2824 posita
354 2739 640 2811 ferocia,
685 2740 868 2821 leges
950 2741 1080 2815 acis
1117 2737 1517 2822 adciperent.
1599 2741 1809 2824 Lupia
1839 2738 2075 2803 deinde
2101 2711 2207 2836 1¹2?
2227 2711 2379 2832 ⁶2³²}
2425 2792 2451 2829 t

100 2822 417 2906 pontibus
456 2821 697 2899 juncto,
742 2842 861 2902 per
877 2763 1258 2882 ‘gicambros
1296 2819 1374 2883 ad
1410 2821 1879 2882 Cheruscorum
1915 2818 2078 2882 fines
2114 2784 2421 2902 yjssgxw‘

105 2917 178 2964 et
224 2903 535 2987 Visurgin
571 2921 773 2985 usque
807 2902 1133 2985 proceffit.
1218 2902 1534 2964 Sicambri
1573 2915 1698 2962 tum
1729 2901 1903 2962 forte
1933 2923 2076 2964 cum
2103 2914 2306 2972 domu,
2398 2968 2401 2971 ,

106 2985 411 3046 omnibus
460 2984 667 3067 copiis
707 2981 895 3045 domo
935 2984 1235 3056 aberant,
1295 2984 1495 3045 Cattis
1539 2982 1896 3053 inferentes
1941 2984 2081 3044 bel-

103 3068 244 3127 lum
271 3107 286 3138 ,
345 3067 455 3147 qui
502 3066 623 3127 soli
670 3062 1089 3127 finitimorum
1135 3065 1508 3128 societatem
1550 3063 1807 3125 illorum
1857 3086 2080 3147 asper.-

104 3148 249 3217 nati
299 3146 570 3212 fuerant.
652 3148 831 3207 Haec
867 3149 1124 3210 occasio
1160 3161 1450 3231 pacatum
1495 3146 1712 3211 Druso
1739 3140 2081 3213 transitum

105 3229 320 3290 dedit.
408 3228 764 3313 superabat
798 3242 862 3291 et
887 3229 1198 3312 Visurgin
1222 3270 1239 3302 ‚
1297 3229 1407 3301 ni,
1460 3246 1656 3311 supet·
1692 3228 2081 3294 necetrario..

106 3332 258 3373 rum
296 3311 603 3395 inopiam,
640 3309 847 3372 hiems
881 3308 1243 3396 propinqua
1279 3307 1596 3385 vetuiss'et.
1681 3309 1888 3370 Etiam
1923 3310 2084 3370 reli.
2158 3300 2175 3325 ‘

105 3392 227 3475 gio
252 3391 484 3470 injecta
514 3391 791 3454 reditum
824 3392 1042 3467 suasit,
1088 3393 1235 3477 quia
1271 3391 1335 3452 in
1367 3388 1582 3453 castris
1608 3406 1869 3452 examen
1893 3410 2082 3476 apum

104 3476 178 3536 in
220 3474 631 3536 tabernaculo
666 3471 922 3535 Hostilii
952 3471 1102 3535 Rufi
1129 3472 1446 3558 praefecti
1475 3470 1817 3535 castrorum
1849 3492 2081 3536 conse,

109 3555 336 3627 derat,
381 3555 465 3615 ita
509 3568 577 3616 ut
611 3556 829 3616 funem
872 3555 1400 3638 praetendentem
1436 3548 1910 3639 praefixamque
1938 3568 2083 3621 tene
2164 3574 2169 3577 ’

111 3636 294 3699 torio
334 3637 614 3698 lanceam
659 3638 1176 3719 amplecteretur.

241 3720 320 3778 X.
381 3718 515 3781 Sed
556 3718 892 3782 recedenti
936 3740 1065 3780 non
1121 3717 1344 3781 eadem
1397 3739 1429 3779 a
1465 3717 1806 3780 Germanis
1847 3716 2035 3799 quies
2061 3757 2081 3789 ,
2141 3727 2208 3778 ln
2236 3723 2421 3778 redies·

119 3820 308 3884 quam
348 3800 636 3862 venienti
670 3799 882 3862 fuerat
905 3844 921 3875 ,
968 3801 1113 3864 fuit.
1194 3801 1412 3864 Exciti
1439 3801 1874 3861 Romanorum
1911 3796 2087 3859 irru-
2106 3787 2460 3869 vdit-⁶0⁶⁸*

179 3958 339 4030 Cap.
364 3959 497 4013 V11.
537 3960 677 4013 Tac.
716 3945 917 4014 Germ.
945 3957 1033 4022 34.
1069 3924 1459 4027 Strabo,.l.¹7.
1488 3975 1553 4030 p.
1577 3974 1699 4013 sno.
1729 3944 1866 4015 Dio.
1933 3957 2019 4023 Ca
2064 3994 2080 4010 .
2108 3965 2112 3969 ·

120 4028 283 4082 Vlll.
314 4027 465 4083 Ptin.
506 4029 589 4092 ¹6,
628 4046 673 4081 ι.
712 4025 848 4083 Dio.
922 4026 1066 4100 Cap.
1105 4029 1203 4085 lx.
1233 4027 1397 4086 Flor.
1434 4030 1486 4093 A,
1521 4045 1602 4085 12.
1639 4026 1779 4083 Dio.
1817 4025 1929 4081 Jul.
1965 4026 2012 4080 0
2066 4061 2084 4073 -

115 4112 243 4170 seq.
318 4095 463 4169 Cap.
496 4097 565 4153 X.
603 4096 743 4152 Dio.
1269 4149 1275 4155 .
1401 4131 1404 4135 ⁴
1920 4152 1931 4163 .
2050 4138 2076 4164 0
