2675 4642
1575 142 1587 179 ἱ

529 260 650 349 306
691 250 2572 330 FRE1NSH.SUPPLE1OENTORUMLm.LxxxV11.

189 485 485 551 U.,c.'7ot).
532 478 821 545 donariis
860 478 1070 539 Deum
1117 474 1486 535 abstinens:
1551 472 2019 557 orantibusque
2059 473 2396 546 Rhodiis,
2471 492 2569 535 ne

187 555 262 610 Α·
296 555 361 609 C·
389 554 479 620 43³
531 561 783 626 cunctis
818 560 1147 619 numinum
1182 539 1547 623 simulacris
1574 554 2031 638 spoliarentur,
2075 554 2248 617 Solem
2281 577 2319 614 a
2341 555 2420 638 fi*
2459 576 2573 615 re·

529 648 701 725 Imqm
741 638 1115 725 respondit:
1160 638 1470 700 intactum
1509 637 1683 698 enim
1720 636 1917 707 nihil,
1965 653 2226 720 praeter
2255 657 2572 700 currum

534 726 673 807 ejus
706 726 869 795 Dei,
935 722 1194 784 siverat.
1285 720 1418 781 Sed
1469 739 1543 780 ea
1593 738 1722 780 vox
1762 720 2062 796 ,ominosa
2111 721 2340 803 paullo
2397 717 2573 803 post
2655 776 2656 785 ,

534 807 624 872 est
658 807 910 878 habita,
967 817 1286 886 tamquam
1325 801 1638 864 celeriter
1677 802 1836 864 luce
1866 803 2218 895 cariturum
2257 823 2573 887 praesa-

120 972 139 987 ·
536 890 802 975 gientis.

194 1021 517 1079 Edictumde
661 997 834 1056 XXI.
892 990 1027 1055 Sed
1066 1005 1133 1053 et
1172 988 1457 1051 edictum
1498 990 1881 1075 proposuit,
1938 994 2063 1067 uti,
2119 991 2263 1075 quod
2305 993 2450 1073 quis
2496 1012 2573 1052 ue

162 1094 483 1166 „usn-mdo
540 1082 804 1162 privatim
840 1082 965 1134 auri
1000 1078 1280 1156 argentive
1309 1068 1636 1152 poffideret,
1700 1077 1854 1133 intra
1890 1075 2092 1135 dictam
2127 1075 2267 1134 diem
2302 1093 2421 1153 pro
2459 1095 2573 1131 er-

166 1182 299 1217 auro
318 1179 514 1232 argm-
540 1181 663 1231 ret,
724 1171 936 1220 morte
976 1154 1336 1218 celantibus
1375 1154 1788 1233 denunciata,
1853 1157 2177 1218 indicibus
2215 1157 2572 1239 promisso

168 1247 342 1303 eoque.
538 1242 866 1329 praemio:
922 1233 1131 1301 se'rvis
1164 1237 1555 1311 libertatem,
1603 1238 1831 1299 liberis
1866 1239 2148 1303 decimas
2180 1236 2572 1300 constitue-

541 1332 663 1388 rat.
746 1323 934 1384 Multi
973 1337 1184 1384 tamen
1223 1321 1622 1382 occultandis
1668 1322 1864 1382 rebus
1902 1323 2036 1384 suis
2075 1313 2569 1406 perstiterunt',

541 1410 728 1494 plura
764 1405 994 1465 minari
1025 1403 1332 1473 Cass'ium,
1378 1423 1565 1486 quam
1602 1401 1895 1466 facturus
1935 1405 2124 1476 ess'et,
2170 1400 2572 1464 existiman-

540 1504 665 1553 tes.
762 1490 1102 1556 Ceterum‚
1163 1484 1276 1545 ubi
1332 1504 1411 1545 ex
1463 1484 1677 1547 edicto
1733 1507 1977 1567 poenas
2029 1485 2568 1570 mercedemque

506 1610 523 1633 x
548 1564 839 1634 decerni*
863 1567 1200 1639 viderunt,
1249 1568 1596 1650 prorogari
1633 1565 1804 1627 diem
1838 1567 2265 1652 postulantes,
2317 1581 2389 1628 et
2425 1591 2592 1650 pu·-

510 1657 672 1717 “teis
719 1666 785 1714 et
822 1650 1076 1721 foveis,
1140 1647 1255 1707 ubi
1302 1669 1522 1709 rerum
1568 1649 2023 1732 pretiosiss'ima
2066 1647 2566 1726 condiderant,

545 1746 779 1799 tantam
831 1752 1022 1816 opum
1069 1730 1204 1792 vim
1257 1729 1662 1802 adtulerunt,
1724 1745 1795 1793 ut
1833 1746 1981 1794 octo
2017 1733 2216 1793 millia
2256 1732 2567 1794 talento-

547 1840 691 1879 rum
730 1815 881 1878 inde
924 1810 1218 1875 confecta
1255 1811 1651 1874 referantur.
1735 1818 1964 1898 Neque
2008 1815 2110 1876 his
2151 1816 2563 1891 contentum,

599 1900 899 1982 uingenta
946 1897 1220 1978 insuper
1261 1895 1500 1956 talenta
1542 1894 1889 1977 imperavit
1936 1896 2223 1969 civitati,
2279 1896 2559 1983 praesi-

550 1922 793 2065 dioque
837 1977 1144 2060 imposito
1177 1978 1254 2038 L.
1283 1978 1528 2042 Varum
1564 1976 1657 2037 ibi
1692 1979 1982 2063 reliquit.

162 2142 166 2151 -
209 2124 432 2177 Cassius
448 2122 524 2176 Α.
674 2105 873 2164 xxu.
918 2100 1042 2161 His
1076 2100 1274 2162 rebus
1309 2101 1526 2163 alacer
1551 2102 1792 2165 Caffius
1825 2103 2079 2183 (ausum
2111 2104 2284 2167 enim
2313 2103 2567 2165 imma-
2659 2158 2660 2161 ,

142 2195 291 2255 ,εἱασ
312 2191 490 2244 tribu·
514 2246 525 2251 -
551 2187 655 2249 nis
692 2184 916 2269 operis
952 2183 1751 2261 csselerrinte‘confecerat)
1790 2185 1986 2248 Asiae
2027 2209 2155 2273 quo
2204 2209 2286 2248 ue
2324 2181 2562 2246 tribu-

174 2273 285 2314 tum
305 2260 522 2315 ‘'²⁸³⁸'‘st
551 2280 685 2333 tum
725 2269 956 2350 ingens
995 2265 1376 2349 imperavit,
1426 2265 1770 2350 decuplum
1810 2267 1947 2347 ejus
1971 2311 1988 2341 ,
2037 2291 2164 2353 quo
2245 2259 2567 2353 pender'e

554 2349 897 2437 quotannis
940 2348 1404 2409 consueviss'et:
1453 2348 1648 2433 idque
1692 2345 1891 2410 statim
1932 2353 2170 2435 exegit.
2257 2353 2436 2411 Dum
2487 2350 2569 2411 in

549 2435 656 2496 his
708 2433 1057 2515 occupatus
1104 2428 1223 2500 est,
1289 2430 1499 2491 valida
1546 2428 1754 2493 class'is
1794 2432 1872 2497 ab
1905 2436 2195 2517 Aegypto
2233 2433 2570 2515 navigare

544 2515 633 2577 *ad
667 2512 878 2575 hostes
916 2511 1279 2584 nunciatur,
1323 2513 1621 2575 mittente
1659 2515 2032 2598 Cleopatra:
2075 2537 2258 2599 quam
2292 2528 2362 2576 et
2389 2515 2575 2574 ami-

554 2598 708 2660 citia
756 2596 1011 2656 illarum
1060 2594 1377 2676 partium,
1448 2610 1514 2656 et
1563 2615 1796 2656 recens
1843 2619 1878 2657 a
1916 2598 2121 2659 Cass'io
2164 2611 2417 2667 metus,
2488 2609 2574 2657 ut

554 2679 775 2778 potius
829 2677 915 2738 ei*
945 2675 1275 2758 negotium
1327 2676 1483 2738 alibi
1534 2677 1912 2751 facess'eret,
1980 2680 2233 2741 acribus
2274 2677 2570 2739 stimulis

555 2761 923 2844 impulerat.
958 2814 968 2823 ,
1011 2761 1233 2839 Itaque
1262 2760 1554 2835 Murcum
1593 2781 1736 2822 cum
1773 2764 2101 2844 sexaginta
2139 2760 2435 2831 navibuS,
2496 2773 2574 2821 et

555 2841 897 2904 fortissima
930 2840 992 2901 le
1042 2839 1214 2909 ione,
1262 2851 1453 2922 atque
1487 2842 1571 2901 ali
1621 2862 1712 2903 uo
1737 2863 2007 2904 numero
2039 2840 2569 2927 sagittariorum,

555 2926 907 2987 occurrere
949 2944 982 2982 a
1057 2924 1452 2995 Taenarum,
1493 2926 1592 2984 Pe
1625 2926 1942 3005 oponnesi
1988 2924 2570 3007 promontorium,

554 3004 759 3091 juffit,
806 3019 875 3065 ut
908 3004 1084 3065 illius
1120 3003 1316 3064 maris
1358 3006 1696 3067 transitum
1737 3012 2100 3090 opportuna
2139 3006 2405 3070 statione
2438 3000 2573 3065 cil·-

554 3085 855 3151 stodiret:
904 3087 967 3147 ei
1003 3103 1261 3169 quoque
1296 3086 1676 3170 peninsulae
1712 3108 1842 3148 non
1873 3090 2029 3150 satis
2060 3108 2575 3173 aequussquam

468 3201 476 3211 ·
556 3167 1044 3239 incursionibus
1075 3182 1141 3230 et
1168 3166 1462 3243 abducta,
1506 3184 2048 3255 quanta-poterat,
2085 3169 2323 3256 praeda
2353 3189 2575 3233 vexa-

560 3265 769 3318 Verat-

206 3395 411 3448 Brutus
422 3348 535 3446 αφ’,
683 3358 913 3418 xxltl.
976 3354 1183 3417 Multo
1235 3357 1477 3441 ubique
1531 3358 1749 3441 lenior
1793 3361 2073 3431 Brutus,
2105 3404 2112 3409 =
2141 3359 2257 3420 sub
2321 3357 2571 3421 eadem

192 3464 379 3532 Lyciis
411 3478 517 3532 μ,
560 3452 856 3524 tempora
885 3438 1118 3581 Lgcios
1152 3440 1463 3501 conferre
1493 3442 1832 3524 pecuniam
1868 3455 1931 3503 et
1961 3443 2116 3503 dare
2147 3442 2391 3503 milites
2420 3440 2568 3520 jus-

189 3544 346 3606 gnat.
562 3535 758 3586 serat.
825 3523 912 3583 Se
987 3521 1107 3591 illi,
1155 3525 1475 3583 Naucrate
1504 3523 1778 3606 quodam
1810 3526 2185 3605 impellente
2211 3524 2562 3606 populum,

563 3602 946 3684 objecerunt
974 3622 1166 3673 arma,
1213 3605 1626 3687 tumulosque
1663 3607 2010 3668 nonnullos
2048 3604 2313 3666 arcendi
2342 3618 2569 3665 trans-

563 3687 694 3748 itus
733 3685 937 3747 causs'a
972 3684 1378 3767 insederunt,
1480 3691 1550 3748 In
1591 3686 1749 3758 hos,
1809 3688 1956 3748 dum
1995 3689 2208 3751 cibum
2250 3686 2564 3769 capiunt,

565 3768 813 3852 impetu
844 3767 1054 3836 facto,
1117 3770 1359 3831 Brutus
1408 3790 1531 3852 per
1584 3772 1841 3856 equites
1894 3793 2045 3833 suos
2097 3766 2433 3831 interfecit
2475 3767 2568 3829 ad

568 3864 952 3927 sexcentos3
1014 3848 1338 3934 simulque
1391 3870 1538 3913 cum
1590 3851 1991 3938 fugientibus
2043 3852 2279 3937 irrupit
2330 3848 2567 3912 castra.

571 3944 1228 3993 ...ι-..--“-.--.

637 4036 784 4117 Gap.
817 4041 937 4093 XX.
988 4037 1130 4092 Dio.
1180 4040 1397 4095 Euseb.
1430 4040 1653 4096 Chron.
1702 4041 1837 4096 Val.
1871 3994 2025 4096 Max.
2065 4061 2113 4108 ι,
2146 4042 2199 4098 5.
2238 4039 2375 4097 Dio.
2418 4034 2576 4098 Vah*

568 4109 725 4183 Max.
798 4108 943 4178 Cap.
979 4107 1139 4191 xxt..
1174 4110 1330 4165 Plut.
1371 4110 1625 4183 Appian.
1665 4111 1816 4166 Plut.
1857 4112 2116 4191 Appian.
2187 4112 2334 4192 Cap.
2368 4108 2565 4173 XXII·

566 4179 727 4243 veu.
758 4197 813 4251 2,
846 4182 951 4249 ⁶9«
985 4173 1242 4257 Appiam.
1290 4179 1464 4259 ssep.
1493 4180 1700 4241 xxut.
1746 4181 1903 4241 mut.
