<?xml version="1.0" encoding="UTF-8"?>
<!DOCTYPE html PUBLIC "-//W3C//DTD XHTML 1.0 Transitional//EN"
    "http://www.w3.org/TR/xhtml1/DTD/xhtml1-transitional.dtd">
<html xmlns="http://www.w3.org/1999/xhtml" xml:lang="en" lang="en">
 <head>
  <title>
</title>
<meta http-equiv="Content-Type" content="text/html;charset=utf-8" />
  <meta name='ocr-system' content='tesseract 3.04.00' />
  <meta name='ocr-capabilities' content='ocr_page ocr_carea ocr_par ocr_line ocrx_word'/>
</head>
<body>
  <div class='ocr_page' id='page_1' title='image "./tliviipatavinih18unkngoog_0750.png"; bbox 0 0 2675 4642; ppageno 0'>
   <div class='ocr_carea' id='block_1_1' title="bbox 517 176 2367 312">
    <p class='ocr_par' dir='ltr' id='par_1_1' title="bbox 517 176 2367 312">
     <span class='ocr_line' id='line_1_1' title="bbox 517 176 2367 312; baseline 0.001 -41"><span class='ocrx_word' id='word_1_1' title='bbox 517 176 660 289; x_wconf 67' lang='lat'><strong>&#39;734</strong></span> <span class='ocrx_word' id='word_1_2' title='bbox 778 190 1184 275; x_wconf 62' lang='lat' dir='ltr'><strong>ramazan.</strong></span> <span class='ocrx_word' id='word_1_3' title='bbox 1215 202 2056 297; x_wconf 62' lang='lat' dir='ltr'><strong>swrnssumroflm</strong></span> <span class='ocrx_word' id='word_1_4' title='bbox 2084 191 2367 312; x_wconf 53' lang='lat' dir='ltr'><strong>macr]</strong></span> 
     </span>
    </p>
   </div>
   <div class='ocr_carea' id='block_1_2' title="bbox 195 399 2519 1241">
    <p class='ocr_par' dir='ltr' id='par_1_2' title="bbox 195 399 2519 1156">
     <span class='ocr_line' id='line_1_2' title="bbox 201 399 2519 503; baseline 0 -21"><span class='ocrx_word' id='word_1_5' title='bbox 201 414 275 470; x_wconf 76' lang='lat' dir='ltr'><strong>U·</strong></span> <span class='ocrx_word' id='word_1_6' title='bbox 298 432 351 469; x_wconf 66' lang='grc' dir='ltr'><strong>θ·</strong></span> <span class='ocrx_word' id='word_1_7' title='bbox 380 415 505 482; x_wconf 77' lang='grc' dir='ltr'><strong>73οο</strong></span> <span class='ocrx_word' id='word_1_8' title='bbox 533 441 639 483; x_wconf 86' lang='lat' dir='ltr'><strong>mo</strong></span> <span class='ocrx_word' id='word_1_9' title='bbox 673 418 972 482; x_wconf 62' lang='lat' dir='ltr'><strong>ferentis.</strong></span> <span class='ocrx_word' id='word_1_10' title='bbox 1034 420 1262 498; x_wconf 84' lang='lat' dir='ltr'><strong>Neque</strong></span> <span class='ocrx_word' id='word_1_11' title='bbox 1295 399 1647 487; x_wconf 65' lang='lat' dir='ltr'><strong>dubitatur,</strong></span> <span class='ocrx_word' id='word_1_12' title='bbox 1692 416 1847 498; x_wconf 85' lang='lat' dir='ltr'><strong>quin</strong></span> <span class='ocrx_word' id='word_1_13' title='bbox 1869 418 2059 481; x_wconf 82' lang='lat' dir='ltr'><strong>etiam</strong></span> <span class='ocrx_word' id='word_1_14' title='bbox 2096 419 2519 503; x_wconf 71' lang='lat' dir='ltr'><strong>iniquissimis</strong></span> 
     </span>
     <span class='ocr_line' id='line_1_3' title="bbox 195 485 2517 585; baseline -0.002 -19"><span class='ocrx_word' id='word_1_15' title='bbox 195 485 354 541; x_wconf 56' lang='grc' dir='ltr'><strong>ΜΞ·</strong></span> <span class='ocrx_word' id='word_1_16' title='bbox 382 502 472 576; x_wconf 69' lang='grc'><strong>·.,·-</strong></span> <span class='ocrx_word' id='word_1_17' title='bbox 532 494 983 566; x_wconf 61' lang='lat' dir='ltr'>satisfacturus</span> <span class='ocrx_word' id='word_1_18' title='bbox 1018 497 1254 560; x_wconf 73' lang='lat' dir='ltr'><strong>fuerit:</strong></span> <span class='ocrx_word' id='word_1_19' title='bbox 1298 496 1429 557; x_wconf 74' lang='lat' dir='ltr'><strong>nisi</strong></span> <span class='ocrx_word' id='word_1_20' title='bbox 1463 518 1611 559; x_wconf 77' lang='lat' dir='ltr'><strong>mox</strong></span> <span class='ocrx_word' id='word_1_21' title='bbox 1637 498 1704 561; x_wconf 78' lang='lat' dir='ltr'><strong>in</strong></span> <span class='ocrx_word' id='word_1_22' title='bbox 1747 497 1993 577; x_wconf 76' lang='lat' dir='ltr'><strong>judicio</strong></span> <span class='ocrx_word' id='word_1_23' title='bbox 2028 501 2345 573; x_wconf 76' lang='lat' dir='ltr'><strong>Castricii,</strong></span> <span class='ocrx_word' id='word_1_24' title='bbox 2393 523 2517 585; x_wconf 60' lang='lat' dir='ltr'><strong>pe.-</strong></span> 
     </span>
     <span class='ocr_line' id='line_1_4' title="bbox 531 578 2516 670; baseline -0.001 -24"><span class='ocrx_word' id='word_1_25' title='bbox 531 604 725 670; x_wconf 85' lang='lat' dir='ltr'><strong>quem</strong></span> <span class='ocrx_word' id='word_1_26' title='bbox 744 582 828 645; x_wconf 90' lang='lat' dir='ltr'><strong>de</strong></span> <span class='ocrx_word' id='word_1_27' title='bbox 843 578 1287 660; x_wconf 82' lang='lat' dir='ltr'><strong>conjuratione</strong></span> <span class='ocrx_word' id='word_1_28' title='bbox 1308 593 1728 661; x_wconf 81' lang='lat' dir='ltr'><strong>cognoverat,</strong></span> <span class='ocrx_word' id='word_1_29' title='bbox 1749 596 2012 645; x_wconf 81' lang='lat' dir='ltr'><strong>exorato</strong></span> <span class='ocrx_word' id='word_1_30' title='bbox 2039 603 2255 647; x_wconf 84' lang='lat' dir='ltr'><strong>eoram</strong></span> <span class='ocrx_word' id='word_1_31' title='bbox 2275 583 2516 665; x_wconf 85' lang='lat' dir='ltr'><strong>judici-</strong></span> 
     </span>
     <span class='ocr_line' id='line_1_5' title="bbox 529 661 2516 745; baseline -0.001 -18"><span class='ocrx_word' id='word_1_32' title='bbox 529 668 654 731; x_wconf 80' lang='lat' dir='ltr'><strong>bus</strong></span> <span class='ocrx_word' id='word_1_33' title='bbox 689 666 1109 732; x_wconf 81' lang='lat' dir='ltr'><strong>adcusatore,</strong></span> <span class='ocrx_word' id='word_1_34' title='bbox 1173 679 1354 721; x_wconf 87' lang='lat' dir='ltr'><strong>reum</strong></span> <span class='ocrx_word' id='word_1_35' title='bbox 1400 661 1753 745; x_wconf 80' lang='lat' dir='ltr'><strong>eripuisset.</strong></span> <span class='ocrx_word' id='word_1_36' title='bbox 1841 664 2051 725; x_wconf 85' lang='lat' dir='ltr'><strong>Etiam</strong></span> <span class='ocrx_word' id='word_1_37' title='bbox 2083 664 2358 728; x_wconf 86' lang='lat' dir='ltr'><strong>Murena</strong></span> <span class='ocrx_word' id='word_1_38' title='bbox 2399 665 2516 727; x_wconf 84' lang='lat' dir='ltr'><strong>de-</strong></span> 
     </span>
     <span class='ocr_line' id='line_1_6' title="bbox 579 741 2514 831; baseline -0.001 -22"><span class='ocrx_word' id='word_1_39' title='bbox 579 747 894 810; x_wconf 82' lang='lat' dir='ltr'><strong>rehensus</strong></span> <span class='ocrx_word' id='word_1_40' title='bbox 919 742 1139 829; x_wconf 85' lang='lat' dir='ltr'><strong>periit,</strong></span> <span class='ocrx_word' id='word_1_41' title='bbox 1182 743 1288 803; x_wconf 83' lang='lat' dir='ltr'><strong>eui</strong></span> <span class='ocrx_word' id='word_1_42' title='bbox 1326 741 1718 804; x_wconf 86' lang='lat' dir='ltr'><strong>Athenaeus·</strong></span> <span class='ocrx_word' id='word_1_43' title='bbox 1731 743 2187 831; x_wconf 82' lang='lat' dir='ltr'><strong>philosophus,</strong></span> <span class='ocrx_word' id='word_1_44' title='bbox 2235 750 2514 809; x_wconf 83' lang='lat' dir='ltr'>Romam</span> 
     </span>
     <span class='ocr_line' id='line_1_7' title="bbox 527 773 2510 910; baseline -0.002 -17"><span class='ocrx_word' id='word_1_45' title='bbox 527 773 883 899; x_wconf 54' lang='lat' dir='ltr'><strong>Reductus,</strong></span> <span class='ocrx_word' id='word_1_46' title='bbox 947 844 1143 910; x_wconf 84' lang='lat' dir='ltr'><strong>quum</strong></span> <span class='ocrx_word' id='word_1_47' title='bbox 1179 823 1372 906; x_wconf 82' lang='lat' dir='ltr'><strong>fugae</strong></span> <span class='ocrx_word' id='word_1_48' title='bbox 1408 836 1690 897; x_wconf 89' lang='lat' dir='ltr'><strong>tantum,</strong></span> <span class='ocrx_word' id='word_1_49' title='bbox 1757 846 1888 887; x_wconf 86' lang='lat' dir='ltr'><strong>non</strong></span> <span class='ocrx_word' id='word_1_50' title='bbox 1944 829 2135 888; x_wconf 88' lang='lat' dir='ltr'><strong>etiam</strong></span> <span class='ocrx_word' id='word_1_51' title='bbox 2187 829 2510 901; x_wconf 84' lang='lat' dir='ltr'><strong>sceleris,</strong></span> 
     </span>
     <span class='ocr_line' id='line_1_8' title="bbox 527 892 2515 979; baseline -0.002 -4"><span class='ocrx_word' id='word_1_52' title='bbox 527 911 746 975; x_wconf 82' lang='lat' dir='ltr'><strong>socius</strong></span> <span class='ocrx_word' id='word_1_53' title='bbox 786 892 972 973; x_wconf 69' lang='lat' dir='ltr'><strong>fuiffe</strong></span> <span class='ocrx_word' id='word_1_54' title='bbox 1003 905 1375 979; x_wconf 83' lang='lat' dir='ltr'><strong>videretur,</strong></span> <span class='ocrx_word' id='word_1_55' title='bbox 1420 905 1499 967; x_wconf 90' lang='lat' dir='ltr'><strong>ab</strong></span> <span class='ocrx_word' id='word_1_56' title='bbox 1545 906 1820 969; x_wconf 78' lang='lat' dir='ltr'><strong>Caesare</strong></span> <span class='ocrx_word' id='word_1_57' title='bbox 1855 906 2138 972; x_wconf 81' lang='lat' dir='ltr'><strong>dimiss&#39;us</strong></span> <span class='ocrx_word' id='word_1_58' title='bbox 2175 910 2288 974; x_wconf 82' lang='lat' dir='ltr'><strong>est.</strong></span> <span class='ocrx_word' id='word_1_59' title='bbox 2377 913 2515 973; x_wconf 90' lang='lat' dir='ltr'><strong>Eo-</strong></span> 
     </span>
     <span class='ocr_line' id='line_1_9' title="bbox 531 987 2515 1077; baseline -0.003 -19"><span class='ocrx_word' id='word_1_60' title='bbox 531 995 680 1058; x_wconf 88' lang='lat' dir='ltr'><strong>dem</strong></span> <span class='ocrx_word' id='word_1_61' title='bbox 718 1006 1014 1075; x_wconf 86' lang='lat' dir='ltr'><strong>tempore</strong></span> <span class='ocrx_word' id='word_1_62' title='bbox 1066 988 1349 1069; x_wconf 84' lang='lat' dir='ltr'>Cyprum</span> <span class='ocrx_word' id='word_1_63' title='bbox 1392 1001 1460 1049; x_wconf 92' lang='lat' dir='ltr'><strong>et</strong></span> <span class='ocrx_word' id='word_1_64' title='bbox 1489 987 1975 1052; x_wconf 79' lang='lat' dir='ltr'><strong>Narbonensem</strong></span> <span class='ocrx_word' id='word_1_65' title='bbox 2018 993 2296 1055; x_wconf 83' lang='lat' dir='ltr'>Galliam</span> <span class='ocrx_word' id='word_1_66' title='bbox 2321 1033 2339 1066; x_wconf 92' lang='lat'><strong>,</strong></span> <span class='ocrx_word' id='word_1_67' title='bbox 2401 1015 2515 1077; x_wconf 88' lang='lat' dir='ltr'><strong>pa-</strong></span> 
     </span>
     <span class='ocr_line' id='line_1_10' title="bbox 533 1068 2512 1156; baseline -0.001 -17"><span class='ocrx_word' id='word_1_68' title='bbox 533 1089 705 1140; x_wconf 83' lang='lat' dir='ltr'><strong>catas</strong></span> <span class='ocrx_word' id='word_1_69' title='bbox 744 1072 866 1155; x_wconf 83' lang='lat' dir='ltr'><strong>jam</strong></span> <span class='ocrx_word' id='word_1_70' title='bbox 901 1068 1304 1156; x_wconf 73' lang='lat' dir='ltr'><strong>provincias,</strong></span> <span class='ocrx_word' id='word_1_71' title='bbox 1372 1069 1616 1154; x_wconf 83' lang='lat' dir='ltr'><strong>populo</strong></span> <span class='ocrx_word' id='word_1_72' title='bbox 1656 1068 1932 1134; x_wconf 80' lang='lat' dir='ltr'><strong>restituit</strong></span> <span class='ocrx_word' id='word_1_73' title='bbox 1976 1073 2255 1138; x_wconf 77' lang='lat' dir='ltr'><strong>Caesar:</strong></span> <span class='ocrx_word' id='word_1_74' title='bbox 2323 1088 2393 1136; x_wconf 91' lang='lat' dir='ltr'><strong>et</strong></span> <span class='ocrx_word' id='word_1_75' title='bbox 2432 1095 2512 1137; x_wconf 86' lang='lat' dir='ltr'><strong>ex</strong></span> 
     </span>
    </p>

    <p class='ocr_par' dir='ltr' id='par_1_3' title="bbox 534 1151 1565 1241">
     <span class='ocr_line' id='line_1_11' title="bbox 534 1151 1565 1241; baseline -0.008 -20"><span class='ocrx_word' id='word_1_76' title='bbox 534 1179 615 1228; x_wconf 82' lang='lat' dir='ltr'><strong>eo</strong></span> <span class='ocrx_word' id='word_1_77' title='bbox 658 1152 1086 1241; x_wconf 75' lang='lat' dir='ltr'><strong>proconsules</strong></span> <span class='ocrx_word' id='word_1_78' title='bbox 1123 1151 1188 1212; x_wconf 88' lang='lat' dir='ltr'><strong>in</strong></span> <span class='ocrx_word' id='word_1_79' title='bbox 1225 1151 1338 1211; x_wconf 86' lang='lat' dir='ltr'><strong>has</strong></span> <span class='ocrx_word' id='word_1_80' title='bbox 1357 1151 1565 1214; x_wconf 68' lang='lat' dir='ltr'><strong>mitri.</strong></span> 
     </span>
    </p>
   </div>
   <div class='ocr_carea' id='block_1_3' title="bbox 142 1256 2509 2801">
    <p class='ocr_par' dir='ltr' id='par_1_4' title="bbox 142 1256 2509 2798">
     <span class='ocr_line' id='line_1_12' title="bbox 194 1256 2507 1362; baseline 0 -39"><span class='ocrx_word' id='word_1_81' title='bbox 194 1293 358 1362; x_wconf 55' lang='grc' dir='ltr'><strong>ἕως,</strong></span> <span class='ocrx_word' id='word_1_82' title='bbox 381 1292 473 1348; x_wconf 62' lang='grc' dir='ltr'><strong>Υ..</strong></span> <span class='ocrx_word' id='word_1_83' title='bbox 658 1261 823 1326; x_wconf 80' lang='lat' dir='ltr'><strong>xlll.</strong></span> <span class='ocrx_word' id='word_1_84' title='bbox 870 1263 1035 1320; x_wconf 88' lang='lat' dir='ltr'><strong>Tum</strong></span> <span class='ocrx_word' id='word_1_85' title='bbox 1071 1270 1134 1318; x_wconf 91' lang='lat' dir='ltr'><strong>et</strong></span> <span class='ocrx_word' id='word_1_86' title='bbox 1178 1257 1402 1318; x_wconf 85' lang='lat' dir='ltr'><strong>aedem</strong></span> <span class='ocrx_word' id='word_1_87' title='bbox 1435 1256 1622 1321; x_wconf 85' lang='lat' dir='ltr'><strong>Jovis</strong></span> <span class='ocrx_word' id='word_1_88' title='bbox 1667 1262 1981 1322; x_wconf 78' lang='lat' dir='ltr'><strong>Tonantis</strong></span> <span class='ocrx_word' id='word_1_89' title='bbox 2033 1261 2100 1323; x_wconf 90' lang='lat' dir='ltr'><strong>in</strong></span> <span class='ocrx_word' id='word_1_90' title='bbox 2138 1263 2507 1347; x_wconf 82' lang='lat' dir='ltr'><strong>Capitolio,</strong></span> 
     </span>
     <span class='ocr_line' id='line_1_13' title="bbox 142 1339 2509 1422; baseline -0 -15"><span class='ocrx_word' id='word_1_91' title='bbox 142 1363 507 1421; x_wconf 54' lang='lat' dir='ltr'><strong>„umnam</strong></span> <span class='ocrx_word' id='word_1_92' title='bbox 534 1341 917 1407; x_wconf 84' lang='lat' dir='ltr'><strong>marmoreis</strong></span> <span class='ocrx_word' id='word_1_93' title='bbox 967 1360 1046 1401; x_wconf 83' lang='lat' dir='ltr'><strong>ex</strong></span> <span class='ocrx_word' id='word_1_94' title='bbox 1083 1339 1288 1400; x_wconf 86' lang='lat' dir='ltr'><strong>solida</strong></span> <span class='ocrx_word' id='word_1_95' title='bbox 1324 1341 1513 1422; x_wconf 79' lang='lat' dir='ltr'><strong>gleba</strong></span> <span class='ocrx_word' id='word_1_96' title='bbox 1553 1341 1911 1422; x_wconf 75' lang='lat' dir='ltr'><strong>pax-letibus</strong></span> <span class='ocrx_word' id='word_1_97' title='bbox 1951 1342 2269 1413; x_wconf 81' lang='lat' dir='ltr'><strong>structam,</strong></span> <span class='ocrx_word' id='word_1_98' title='bbox 2321 1344 2509 1406; x_wconf 89' lang='lat' dir='ltr'><strong>dedi-</strong></span> 
     </span>
     <span class='ocr_line' id='line_1_14' title="bbox 533 1422 2507 1508; baseline 0 -19"><span class='ocrx_word' id='word_1_99' title='bbox 533 1426 743 1503; x_wconf 81' lang='lat' dir='ltr'><strong>eavit3</strong></span> <span class='ocrx_word' id='word_1_100' title='bbox 783 1423 959 1486; x_wconf 87' lang='lat' dir='ltr'><strong>bello</strong></span> <span class='ocrx_word' id='word_1_101' title='bbox 1003 1422 1384 1484; x_wconf 85' lang='lat' dir='ltr'><strong>Cantabrico</strong></span> <span class='ocrx_word' id='word_1_102' title='bbox 1427 1437 1678 1494; x_wconf 86' lang='lat' dir='ltr'><strong>votam,</strong></span> <span class='ocrx_word' id='word_1_103' title='bbox 1726 1445 1918 1506; x_wconf 82' lang='lat' dir='ltr'><strong>quum</strong></span> <span class='ocrx_word' id='word_1_104' title='bbox 1955 1449 2073 1508; x_wconf 84' lang='lat' dir='ltr'><strong>per</strong></span> <span class='ocrx_word' id='word_1_105' title='bbox 2115 1442 2507 1489; x_wconf 84' lang='lat' dir='ltr'><strong>nocturnum</strong></span> 
     </span>
     <span class='ocr_line' id='line_1_15' title="bbox 530 1502 2502 1592; baseline 0.001 -21"><span class='ocrx_word' id='word_1_106' title='bbox 530 1510 660 1571; x_wconf 84' lang='lat' dir='ltr'><strong>iter</strong></span> <span class='ocrx_word' id='word_1_107' title='bbox 709 1507 1007 1569; x_wconf 80' lang='lat' dir='ltr'><strong>lecticam</strong></span> <span class='ocrx_word' id='word_1_108' title='bbox 1069 1503 1206 1581; x_wconf 85' lang='lat' dir='ltr'><strong>ejus</strong></span> <span class='ocrx_word' id='word_1_109' title='bbox 1267 1503 1488 1586; x_wconf 79' lang='lat' dir='ltr'><strong>fulgur</strong></span> <span class='ocrx_word' id='word_1_110' title='bbox 1548 1502 2043 1587; x_wconf 77' lang='lat' dir='ltr'><strong>perstrinxiss&#39;et,</strong></span> <span class='ocrx_word' id='word_1_111' title='bbox 2109 1530 2502 1592; x_wconf 78' lang='lat' dir='ltr'><strong>servumque</strong></span> 
     </span>
     <span class='ocr_line' id='line_1_16' title="bbox 419 1585 2503 1676; baseline 0.001 -27"><span class='ocrx_word' id='word_1_112' title='bbox 419 1642 438 1659; x_wconf 35' lang='lat'><strong>‚1</strong></span> <span class='ocrx_word' id='word_1_113' title='bbox 526 1591 1011 1676; x_wconf 79' lang='lat' dir='ltr'><strong>praelucentem</strong></span> <span class='ocrx_word' id='word_1_114' title='bbox 1047 1585 1473 1647; x_wconf 78' lang='lat' dir='ltr'><strong>exanimasset.</strong></span> <span class='ocrx_word' id='word_1_115' title='bbox 1522 1590 1688 1648; x_wconf 87' lang='lat' dir='ltr'><strong>Tum</strong></span> <span class='ocrx_word' id='word_1_116' title='bbox 1725 1586 1983 1671; x_wconf 81' lang='lat' dir='ltr'><strong>quoque</strong></span> <span class='ocrx_word' id='word_1_117' title='bbox 2019 1591 2192 1654; x_wconf 89' lang='lat' dir='ltr'><strong>inter</strong></span> <span class='ocrx_word' id='word_1_118' title='bbox 2220 1591 2367 1674; x_wconf 87' lang='lat' dir='ltr'><strong>ipsa</strong></span> <span class='ocrx_word' id='word_1_119' title='bbox 2410 1615 2503 1652; x_wconf 87' lang='lat' dir='ltr'><strong>sa·</strong></span> 
     </span>
     <span class='ocr_line' id='line_1_17' title="bbox 531 1666 2498 1754; baseline 0 -19"><span class='ocrx_word' id='word_1_120' title='bbox 531 1694 642 1735; x_wconf 81' lang='lat' dir='ltr'><strong>era</strong></span> <span class='ocrx_word' id='word_1_121' title='bbox 665 1666 950 1735; x_wconf 65' lang='lat' dir='ltr'><strong>tonuiss&#39;e</strong></span> <span class='ocrx_word' id='word_1_122' title='bbox 1012 1681 1404 1728; x_wconf 85' lang='lat' dir='ltr'><strong>memorant:</strong></span> <span class='ocrx_word' id='word_1_123' title='bbox 1463 1668 1872 1752; x_wconf 87' lang='lat' dir='ltr'><strong>oblatumque</strong></span> <span class='ocrx_word' id='word_1_124' title='bbox 1918 1670 2131 1754; x_wconf 83' lang='lat' dir='ltr'><strong>postea</strong></span> <span class='ocrx_word' id='word_1_125' title='bbox 2181 1674 2498 1735; x_wconf 84' lang='lat' dir='ltr'><strong>somnium</strong></span> 
     </span>
     <span class='ocr_line' id='line_1_18' title="bbox 531 1748 2505 1838; baseline -0.001 -21"><span class='ocrx_word' id='word_1_126' title='bbox 531 1755 636 1828; x_wconf 89' lang='lat' dir='ltr'><strong>ei,</strong></span> <span class='ocrx_word' id='word_1_127' title='bbox 705 1756 936 1816; x_wconf 87' lang='lat' dir='ltr'><strong>Jovem</strong></span> <span class='ocrx_word' id='word_1_128' title='bbox 977 1748 1408 1831; x_wconf 87' lang='lat' dir='ltr'><strong>Capitolinum</strong></span> <span class='ocrx_word' id='word_1_129' title='bbox 1447 1750 1637 1832; x_wconf 87' lang='lat' dir='ltr'><strong>queri</strong></span> <span class='ocrx_word' id='word_1_130' title='bbox 1679 1750 1924 1825; x_wconf 76' lang='lat' dir='ltr'><strong>visum,</strong></span> <span class='ocrx_word' id='word_1_131' title='bbox 1997 1755 2172 1838; x_wconf 85' lang='lat' dir='ltr'><strong>quod</strong></span> <span class='ocrx_word' id='word_1_132' title='bbox 2220 1756 2505 1818; x_wconf 79' lang='lat' dir='ltr'><strong>cultores</strong></span> 
     </span>
     <span class='ocr_line' id='line_1_19' title="bbox 533 1832 2496 1929; baseline -0.002 -29"><span class='ocrx_word' id='word_1_133' title='bbox 533 1838 612 1900; x_wconf 81' lang='lat' dir='ltr'><strong>ab</strong></span> <span class='ocrx_word' id='word_1_134' title='bbox 654 1855 728 1899; x_wconf 84' lang='lat' dir='ltr'><strong>se</strong></span> <span class='ocrx_word' id='word_1_135' title='bbox 778 1832 1272 1895; x_wconf 75' lang='lat' dir='ltr'><strong>abducerentur.</strong></span> <span class='ocrx_word' id='word_1_136' title='bbox 1330 1835 1511 1892; x_wconf 76' lang='lat' dir='ltr'><strong>-Nam</strong></span> <span class='ocrx_word' id='word_1_137' title='bbox 1538 1874 1556 1905; x_wconf 92' lang='lat'>‚</span> <span class='ocrx_word' id='word_1_138' title='bbox 1621 1852 1744 1929; x_wconf 80' lang='lat' dir='ltr'><strong>pro</strong></span> <span class='ocrx_word' id='word_1_139' title='bbox 1792 1845 1897 1894; x_wconf 88' lang='lat' dir='ltr'><strong>ter</strong></span> <span class='ocrx_word' id='word_1_140' title='bbox 1929 1836 2213 1898; x_wconf 83' lang='lat' dir='ltr'><strong>nominis</strong></span> <span class='ocrx_word' id='word_1_141' title='bbox 2249 1851 2320 1898; x_wconf 93' lang='lat' dir='ltr'><strong>et</strong></span> <span class='ocrx_word' id='word_1_142' title='bbox 2363 1838 2496 1899; x_wconf 85' lang='lat' dir='ltr'><strong>for-</strong></span> 
     </span>
     <span class='ocr_line' id='line_1_20' title="bbox 532 1911 2502 2003; baseline -0.001 -22"><span class='ocrx_word' id='word_1_143' title='bbox 532 1939 674 1981; x_wconf 85' lang='lat' dir='ltr'><strong>mae</strong></span> <span class='ocrx_word' id='word_1_144' title='bbox 723 1914 1118 1985; x_wconf 82' lang='lat' dir='ltr'><strong>novitatem,</strong></span> <span class='ocrx_word' id='word_1_145' title='bbox 1182 1925 1247 1972; x_wconf 90' lang='lat' dir='ltr'><strong>et</strong></span> <span class='ocrx_word' id='word_1_146' title='bbox 1279 1911 1456 1997; x_wconf 90' lang='lat' dir='ltr'><strong>quod</strong></span> <span class='ocrx_word' id='word_1_147' title='bbox 1498 1913 1706 1976; x_wconf 76' lang='lat' dir='ltr'><strong>nobili</strong></span> <span class='ocrx_word' id='word_1_148' title='bbox 1762 1936 1956 1976; x_wconf 85' lang='lat' dir='ltr'><strong>unum</strong></span> <span class='ocrx_word' id='word_1_149' title='bbox 1989 1919 2295 1982; x_wconf 87' lang='lat' dir='ltr'><strong>Leocrae</strong></span> <span class='ocrx_word' id='word_1_150' title='bbox 2345 1939 2502 2003; x_wconf 83' lang='lat' dir='ltr'><strong>opus</strong></span> 
     </span>
     <span class='ocr_line' id='line_1_21' title="bbox 533 1993 2500 2086; baseline -0.001 -24"><span class='ocrx_word' id='word_1_151' title='bbox 533 1996 913 2086; x_wconf 79' lang='lat' dir='ltr'><strong>praestantia</strong></span> <span class='ocrx_word' id='word_1_152' title='bbox 948 2009 1073 2056; x_wconf 88' lang='lat' dir='ltr'><strong>tam</strong></span> <span class='ocrx_word' id='word_1_153' title='bbox 1121 1993 1429 2066; x_wconf 80' lang='lat' dir='ltr'><strong>artificis,</strong></span> <span class='ocrx_word' id='word_1_154' title='bbox 1491 2016 1676 2080; x_wconf 88' lang='lat' dir='ltr'><strong>quam</strong></span> <span class='ocrx_word' id='word_1_155' title='bbox 1721 1994 1760 2056; x_wconf 89' lang='lat' dir='ltr'><strong>d</strong></span> <span class='ocrx_word' id='word_1_156' title='bbox 1807 1997 2116 2070; x_wconf 74' lang='lat' dir='ltr'><strong>dicentis,</strong></span> <span class='ocrx_word' id='word_1_157' title='bbox 2179 2020 2500 2063; x_wconf 86' lang='lat' dir='ltr'><strong>commen-</strong></span> 
     </span>
     <span class='ocr_line' id='line_1_22' title="bbox 535 2075 2501 2161; baseline -0.001 -17"><span class='ocrx_word' id='word_1_158' title='bbox 535 2083 841 2152; x_wconf 83' lang='lat' dir='ltr'><strong>dabatur,</strong></span> <span class='ocrx_word' id='word_1_159' title='bbox 884 2091 1224 2161; x_wconf 88' lang='lat' dir='ltr'><strong>praeterea</strong></span> <span class='ocrx_word' id='word_1_160' title='bbox 1268 2075 1482 2143; x_wconf 85' lang='lat' dir='ltr'><strong>fanum</strong></span> <span class='ocrx_word' id='word_1_161' title='bbox 1517 2078 1679 2138; x_wconf 88' lang='lat' dir='ltr'><strong>illud</strong></span> <span class='ocrx_word' id='word_1_162' title='bbox 1718 2098 1751 2137; x_wconf 91' lang='lat' dir='ltr'><strong>a</strong></span> <span class='ocrx_word' id='word_1_163' title='bbox 1800 2080 2263 2144; x_wconf 87' lang='lat' dir='ltr'><strong>scendentibus</strong></span> <span class='ocrx_word' id='word_1_164' title='bbox 2290 2083 2358 2144; x_wconf 85' lang='lat' dir='ltr'><strong>in</strong></span> <span class='ocrx_word' id='word_1_165' title='bbox 2395 2086 2501 2145; x_wconf 87' lang='lat' dir='ltr'><strong>Ca-</strong></span> 
     </span>
     <span class='ocr_line' id='line_1_23' title="bbox 498 2160 2501 2248; baseline -0.003 -22"><span class='ocrx_word' id='word_1_166' title='bbox 498 2163 837 2248; x_wconf 64' lang='lat' dir='ltr'><strong>›pitolium</strong></span> <span class='ocrx_word' id='word_1_167' title='bbox 864 2160 1227 2244; x_wconf 82' lang='lat' dir='ltr'><strong>proximum</strong></span> <span class='ocrx_word' id='word_1_168' title='bbox 1267 2172 1442 2232; x_wconf 82' lang='lat' dir='ltr'><strong>erat,</strong></span> <span class='ocrx_word' id='word_1_169' title='bbox 1489 2160 1566 2220; x_wconf 90' lang='lat' dir='ltr'><strong>ab</strong></span> <span class='ocrx_word' id='word_1_170' title='bbox 1606 2160 1898 2222; x_wconf 87' lang='lat' dir='ltr'><strong>omnibus</strong></span> <span class='ocrx_word' id='word_1_171' title='bbox 1935 2162 2036 2225; x_wconf 84' lang='lat' dir='ltr'><strong>fre</strong></span> <span class='ocrx_word' id='word_1_172' title='bbox 2087 2167 2348 2226; x_wconf 86' lang='lat' dir='ltr'><strong>uentari</strong></span> <span class='ocrx_word' id='word_1_173' title='bbox 2380 2169 2501 2226; x_wconf 81' lang='lat' dir='ltr'><strong>To.</strong></span> 
     </span>
     <span class='ocr_line' id='line_1_24' title="bbox 534 2239 2501 2329; baseline -0.002 -21"><span class='ocrx_word' id='word_1_174' title='bbox 534 2267 696 2308; x_wconf 83' lang='lat' dir='ltr'><strong>nans</strong></span> <span class='ocrx_word' id='word_1_175' title='bbox 724 2243 839 2305; x_wconf 87' lang='lat' dir='ltr'><strong>ille</strong></span> <span class='ocrx_word' id='word_1_176' title='bbox 876 2252 1200 2323; x_wconf 83' lang='lat' dir='ltr'><strong>coeperat.</strong></span> <span class='ocrx_word' id='word_1_177' title='bbox 1284 2242 1432 2323; x_wconf 86' lang='lat' dir='ltr'><strong>lpse</strong></span> <span class='ocrx_word' id='word_1_178' title='bbox 1470 2241 1647 2303; x_wconf 85' lang='lat' dir='ltr'><strong>visus</strong></span> <span class='ocrx_word' id='word_1_179' title='bbox 1693 2239 1781 2303; x_wconf 86' lang='lat' dir='ltr'><strong>est</strong></span> <span class='ocrx_word' id='word_1_180' title='bbox 1810 2264 2048 2326; x_wconf 80' lang='lat' dir='ltr'><strong>respon</strong></span> <span class='ocrx_word' id='word_1_181' title='bbox 2099 2266 2212 2308; x_wconf 86' lang='lat' dir='ltr'><strong>ere</strong></span> <span class='ocrx_word' id='word_1_182' title='bbox 2243 2247 2501 2329; x_wconf 84' lang='lat' dir='ltr'><strong>Capito.</strong></span> 
     </span>
     <span class='ocr_line' id='line_1_25' title="bbox 534 2326 2498 2410; baseline -0.002 -19"><span class='ocrx_word' id='word_1_183' title='bbox 534 2329 711 2391; x_wconf 78' lang='lat' dir='ltr'><strong>lino:</strong></span> <span class='ocrx_word' id='word_1_184' title='bbox 768 2334 1107 2390; x_wconf 76' lang='lat' dir='ltr'><strong>Tonantem</strong></span> <span class='ocrx_word' id='word_1_185' title='bbox 1137 2330 1195 2389; x_wconf 78' lang='grc' dir='ltr'><strong>εἰ</strong></span> <span class='ocrx_word' id='word_1_186' title='bbox 1229 2349 1338 2403; x_wconf 81' lang='lat' dir='ltr'><strong>pro</strong></span> <span class='ocrx_word' id='word_1_187' title='bbox 1360 2326 1642 2402; x_wconf 72' lang='lat' dir='ltr'><strong>ianitore</strong></span> <span class='ocrx_word' id='word_1_188' title='bbox 1673 2330 2040 2406; x_wconf 78' lang='lat' dir='ltr'><strong>adpositum.</strong></span> <span class='ocrx_word' id='word_1_189' title='bbox 2087 2327 2259 2391; x_wconf 84' lang='lat' dir='ltr'><strong>Orto</strong></span> <span class='ocrx_word' id='word_1_190' title='bbox 2299 2327 2498 2410; x_wconf 82' lang='lat' dir='ltr'><strong>igitur</strong></span> 
     </span>
     <span class='ocr_line' id='line_1_26' title="bbox 541 2406 2503 2492; baseline 0 -22"><span class='ocrx_word' id='word_1_191' title='bbox 541 2409 685 2482; x_wconf 87' lang='lat' dir='ltr'><strong>die,</strong></span> <span class='ocrx_word' id='word_1_192' title='bbox 735 2410 980 2473; x_wconf 82' lang='lat' dir='ltr'><strong>somnia</strong></span> <span class='ocrx_word' id='word_1_193' title='bbox 1014 2426 1225 2490; x_wconf 88' lang='lat' dir='ltr'><strong>neque</strong></span> <span class='ocrx_word' id='word_1_194' title='bbox 1258 2426 1369 2467; x_wconf 89' lang='lat' dir='ltr'><strong>sua</strong></span> <span class='ocrx_word' id='word_1_195' title='bbox 1392 2446 1410 2479; x_wconf 93' lang='lat'><strong>,</strong></span> <span class='ocrx_word' id='word_1_196' title='bbox 1444 2424 1683 2489; x_wconf 88' lang='lat' dir='ltr'><strong>-neque</strong></span> <span class='ocrx_word' id='word_1_197' title='bbox 1718 2409 1987 2470; x_wconf 85' lang='lat' dir='ltr'><strong>aliorum</strong></span> <span class='ocrx_word' id='word_1_198' title='bbox 2019 2406 2101 2473; x_wconf 86' lang='lat' dir='ltr'><strong>de</strong></span> <span class='ocrx_word' id='word_1_199' title='bbox 2131 2430 2203 2472; x_wconf 83' lang='lat' dir='ltr'><strong>se</strong></span> <span class='ocrx_word' id='word_1_200' title='bbox 2229 2452 2248 2483; x_wconf 95' lang='lat'><strong>,</strong></span> <span class='ocrx_word' id='word_1_201' title='bbox 2295 2410 2503 2492; x_wconf 84' lang='lat' dir='ltr'><strong>negli-</strong></span> 
     </span>
     <span class='ocr_line' id='line_1_27' title="bbox 587 2484 2506 2572; baseline -0.001 -19"><span class='ocrx_word' id='word_1_202' title='bbox 587 2513 698 2555; x_wconf 86' lang='lat' dir='ltr'><strong>ere</strong></span> <span class='ocrx_word' id='word_1_203' title='bbox 743 2488 993 2563; x_wconf 85' lang='lat' dir='ltr'><strong>solitus,</strong></span> <span class='ocrx_word' id='word_1_204' title='bbox 1037 2486 1482 2551; x_wconf 77' lang='lat' dir='ltr'><strong>tintinnabulis</strong></span> <span class='ocrx_word' id='word_1_205' title='bbox 1514 2484 1828 2572; x_wconf 79' lang='lat' dir='ltr'><strong>fastigium</strong></span> <span class='ocrx_word' id='word_1_206' title='bbox 1852 2489 2029 2551; x_wconf 83' lang='lat' dir='ltr'><strong>aedis</strong></span> <span class='ocrx_word' id='word_1_207' title='bbox 2060 2492 2379 2554; x_wconf 82' lang='lat' dir='ltr'><strong>Tonantis</strong></span> <span class='ocrx_word' id='word_1_208' title='bbox 2403 2512 2506 2552; x_wconf 85' lang='lat' dir='ltr'><strong>re-</strong></span> 
     </span>
     <span class='ocr_line' id='line_1_28' title="bbox 541 2512 2500 2656; baseline 0 -22"><span class='ocrx_word' id='word_1_209' title='bbox 541 2512 830 2635; x_wconf 49' lang='lat' dir='ltr'><strong>dimivit:</strong></span> <span class='ocrx_word' id='word_1_210' title='bbox 898 2571 1131 2656; x_wconf 87' lang='lat' dir='ltr'><strong>quibus</strong></span> <span class='ocrx_word' id='word_1_211' title='bbox 1190 2570 1284 2631; x_wconf 87' lang='lat' dir='ltr'><strong>uti</strong></span> <span class='ocrx_word' id='word_1_212' title='bbox 1345 2568 1658 2651; x_wconf 83' lang='lat' dir='ltr'><strong>janitores</strong></span> <span class='ocrx_word' id='word_1_213' title='bbox 1728 2566 2241 2648; x_wconf 79' lang='lat' dir='ltr'><strong>consueverant,</strong></span> <span class='ocrx_word' id='word_1_214' title='bbox 2305 2591 2500 2635; x_wconf 82' lang='lat' dir='ltr'><strong>noctu</strong></span> 
     </span>
     <span class='ocr_line' id='line_1_29' title="bbox 540 2649 2500 2798; baseline 0.001 -84"><span class='ocrx_word' id='word_1_215' title='bbox 540 2653 964 2798; x_wconf 59' lang='lat' dir='ltr'><strong>pr‘aliesertim‚</strong></span> <span class='ocrx_word' id='word_1_216' title='bbox 1041 2652 1098 2714; x_wconf 85' lang='lat' dir='ltr'><strong>si</strong></span> <span class='ocrx_word' id='word_1_217' title='bbox 1140 2649 1298 2736; x_wconf 86' lang='lat' dir='ltr'><strong>quid</strong></span> <span class='ocrx_word' id='word_1_218' title='bbox 1340 2651 1516 2715; x_wconf 80' lang='lat' dir='ltr'><strong>forte</strong></span> <span class='ocrx_word' id='word_1_219' title='bbox 1546 2649 2037 2736; x_wconf 79' lang='lat' dir='ltr'><strong>significandum</strong></span> <span class='ocrx_word' id='word_1_220' title='bbox 2082 2654 2369 2718; x_wconf 86' lang='lat' dir='ltr'><strong>dominis</strong></span> <span class='ocrx_word' id='word_1_221' title='bbox 2404 2656 2500 2717; x_wconf 88' lang='lat' dir='ltr'><strong>in-</strong></span> 
     </span>
    </p>

    <p class='ocr_par' dir='ltr' id='par_1_5' title="bbox 521 2737 818 2801">
     <span class='ocr_line' id='line_1_30' title="bbox 521 2737 818 2801; baseline -0.013 0"><span class='ocrx_word' id='word_1_222' title='bbox 521 2737 607 2801; x_wconf 85' lang='lat' dir='ltr'><strong>.ci</strong></span> <span class='ocrx_word' id='word_1_223' title='bbox 656 2738 818 2801; x_wconf 77' lang='lat' dir='ltr'><strong>iss&#39;et.</strong></span> 
     </span>
    </p>
   </div>
   <div class='ocr_carea' id='block_1_4' title="bbox 175 2839 2506 3809">
    <p class='ocr_par' dir='ltr' id='par_1_6' title="bbox 205 2839 2499 2933">
     <span class='ocr_line' id='line_1_31' title="bbox 205 2839 2499 2933; baseline 0 -29"><span class='ocrx_word' id='word_1_224' title='bbox 205 2865 523 2933; x_wconf 59' lang='lat' dir='ltr'><em>Asturum„</em></span> <span class='ocrx_word' id='word_1_225' title='bbox 575 2862 582 2867; x_wconf 76' lang='grc'>’</span> <span class='ocrx_word' id='word_1_226' title='bbox 669 2841 843 2909; x_wconf 80' lang='lat' dir='ltr'><strong>XIV.</strong></span> <span class='ocrx_word' id='word_1_227' title='bbox 888 2841 1021 2904; x_wconf 87' lang='lat' dir='ltr'><strong>Sub</strong></span> <span class='ocrx_word' id='word_1_228' title='bbox 1066 2840 1133 2903; x_wconf 87' lang='lat' dir='ltr'><strong>id</strong></span> <span class='ocrx_word' id='word_1_229' title='bbox 1174 2853 1424 2924; x_wconf 83' lang='lat' dir='ltr'><strong>tempus</strong></span> <span class='ocrx_word' id='word_1_230' title='bbox 1452 2841 1687 2904; x_wconf 88' lang='lat' dir='ltr'><strong>iterum</strong></span> <span class='ocrx_word' id='word_1_231' title='bbox 1715 2855 1885 2903; x_wconf 85' lang='lat' dir='ltr'><strong>mota</strong></span> <span class='ocrx_word' id='word_1_232' title='bbox 1928 2839 2016 2904; x_wconf 79' lang='lat' dir='ltr'><strong>est</strong></span> <span class='ocrx_word' id='word_1_233' title='bbox 2037 2841 2357 2927; x_wconf 76' lang='lat' dir='ltr'><strong>Hispania</strong></span> <span class='ocrx_word' id='word_1_234' title='bbox 2388 2840 2499 2904; x_wconf 86' lang='lat' dir='ltr'><strong>de-</strong></span> 
     </span>
    </p>

    <p class='ocr_par' dir='ltr' id='par_1_7' title="bbox 181 2921 2502 3013">
     <span class='ocr_line' id='line_1_32' title="bbox 181 2921 2502 3013; baseline -0 -26"><span class='ocrx_word' id='word_1_235' title='bbox 181 2936 475 2989; x_wconf 73' lang='lat' dir='ltr'><strong>Cantabro-</strong></span> <span class='ocrx_word' id='word_1_236' title='bbox 545 2925 833 2988; x_wconf 76' lang='lat' dir='ltr'><strong>fectione</strong></span> <span class='ocrx_word' id='word_1_237' title='bbox 866 2921 1187 2995; x_wconf 82' lang='lat' dir='ltr'><strong>Asturum,</strong></span> <span class='ocrx_word' id='word_1_238' title='bbox 1248 2943 1412 3006; x_wconf 86' lang='lat' dir='ltr'><strong>quos</strong></span> <span class='ocrx_word' id='word_1_239' title='bbox 1457 2925 1744 3013; x_wconf 56' lang='lat' dir='ltr'><strong>parisius</strong></span> <span class='ocrx_word' id='word_1_240' title='bbox 1788 2921 1942 2987; x_wconf 82' lang='lat' dir='ltr'><strong>fastu</strong></span> <span class='ocrx_word' id='word_1_241' title='bbox 1985 2938 2052 2988; x_wconf 89' lang='lat' dir='ltr'><strong>et</strong></span> <span class='ocrx_word' id='word_1_242' title='bbox 2080 2925 2502 3001; x_wconf 82' lang='lat' dir='ltr'><strong>erudelitate,</strong></span> 
     </span>
    </p>

    <p class='ocr_par' dir='ltr' id='par_1_8' title="bbox 178 3003 2506 3091">
     <span class='ocr_line' id='line_1_33' title="bbox 178 3003 2506 3091; baseline -0.002 -22"><span class='ocrx_word' id='word_1_243' title='bbox 178 3003 506 3072; x_wconf 71' lang='lat' dir='ltr'><strong>rumpuniea</strong></span> <span class='ocrx_word' id='word_1_244' title='bbox 546 3021 677 3069; x_wconf 82' lang='lat' dir='ltr'><strong>tum</strong></span> <span class='ocrx_word' id='word_1_245' title='bbox 716 3005 1003 3068; x_wconf 80' lang='lat' dir='ltr'><strong>Asturum</strong></span> <span class='ocrx_word' id='word_1_246' title='bbox 1041 3006 1313 3067; x_wconf 78' lang='lat' dir='ltr'><strong>imitatio</strong></span> <span class='ocrx_word' id='word_1_247' title='bbox 1352 3007 1704 3068; x_wconf 83' lang='lat' dir='ltr'><strong>Cantabros</strong></span> <span class='ocrx_word' id='word_1_248' title='bbox 1741 3005 1818 3068; x_wconf 88' lang='lat' dir='ltr'><strong>ad</strong></span> <span class='ocrx_word' id='word_1_249' title='bbox 1851 3028 2021 3068; x_wconf 87' lang='lat' dir='ltr'><strong>arma</strong></span> <span class='ocrx_word' id='word_1_250' title='bbox 2049 3020 2294 3091; x_wconf 79' lang='lat' dir='ltr'><strong>egerat.</strong></span> <span class='ocrx_word' id='word_1_251' title='bbox 2342 3008 2506 3068; x_wconf 84' lang='lat' dir='ltr'><strong>Can-</strong></span> 
     </span>
    </p>

    <p class='ocr_par' dir='ltr' id='par_1_9' title="bbox 175 3073 2501 3809">
     <span class='ocr_line' id='line_1_34' title="bbox 175 3073 2498 3172; baseline -0 -22"><span class='ocrx_word' id='word_1_252' title='bbox 175 3073 413 3161; x_wconf 53' lang='lat' dir='ltr'><strong>d‘smf&#39;·</strong></span> <span class='ocrx_word' id='word_1_253' title='bbox 545 3089 748 3151; x_wconf 73' lang='lat' dir='ltr'><strong>tabris</strong></span> <span class='ocrx_word' id='word_1_254' title='bbox 791 3090 861 3151; x_wconf 87' lang='lat' dir='ltr'><strong>C.</strong></span> <span class='ocrx_word' id='word_1_255' title='bbox 905 3089 1184 3149; x_wconf 84' lang='lat' dir='ltr'><strong>Furnius</strong></span> <span class='ocrx_word' id='word_1_256' title='bbox 1234 3101 1372 3149; x_wconf 87' lang='lat' dir='ltr'><strong>erat</strong></span> <span class='ocrx_word' id='word_1_257' title='bbox 1405 3087 1768 3172; x_wconf 86' lang='lat' dir='ltr'><strong>impositus.</strong></span> <span class='ocrx_word' id='word_1_258' title='bbox 1832 3087 2002 3151; x_wconf 85' lang='lat' dir='ltr'><strong>hune</strong></span> <span class='ocrx_word' id='word_1_259' title='bbox 2031 3088 2117 3161; x_wconf 86' lang='lat' dir='ltr'><strong>ii,</strong></span> <span class='ocrx_word' id='word_1_260' title='bbox 2174 3102 2498 3171; x_wconf 86' lang='lat' dir='ltr'><strong>tamquam</strong></span> 
     </span>
     <span class='ocr_line' id='line_1_35' title="bbox 545 3169 2498 3254; baseline -0.001 -22"><span class='ocrx_word' id='word_1_261' title='bbox 545 3190 764 3233; x_wconf 84' lang='lat' dir='ltr'><strong>rerum</strong></span> <span class='ocrx_word' id='word_1_262' title='bbox 803 3190 1056 3241; x_wconf 85' lang='lat' dir='ltr'><strong>suarum</strong></span> <span class='ocrx_word' id='word_1_263' title='bbox 1088 3169 1313 3231; x_wconf 89' lang='lat' dir='ltr'><strong>rudem</strong></span> <span class='ocrx_word' id='word_1_264' title='bbox 1341 3210 1358 3240; x_wconf 91' lang='lat'><strong>,</strong></span> <span class='ocrx_word' id='word_1_265' title='bbox 1388 3170 1813 3253; x_wconf 75' lang='lat' dir='ltr'><strong>spernebant.</strong></span> <span class='ocrx_word' id='word_1_266' title='bbox 1882 3169 2010 3232; x_wconf 89' lang='lat' dir='ltr'><strong>Sed</strong></span> <span class='ocrx_word' id='word_1_267' title='bbox 2051 3170 2121 3233; x_wconf 89' lang='lat' dir='ltr'><strong>in</strong></span> <span class='ocrx_word' id='word_1_268' title='bbox 2157 3169 2308 3254; x_wconf 82' lang='lat' dir='ltr'><strong>ipso</strong></span> <span class='ocrx_word' id='word_1_269' title='bbox 2342 3190 2498 3254; x_wconf 86' lang='lat' dir='ltr'><strong>ope-</strong></span> 
     </span>
     <span class='ocr_line' id='line_1_36' title="bbox 527 3251 2499 3337; baseline -0.002 -22"><span class='ocrx_word' id='word_1_270' title='bbox 527 3272 620 3315; x_wconf 65' lang='lat' dir='ltr'><strong>xre</strong></span> <span class='ocrx_word' id='word_1_271' title='bbox 658 3253 850 3337; x_wconf 80' lang='lat' dir='ltr'><strong>longe</strong></span> <span class='ocrx_word' id='word_1_272' title='bbox 888 3251 1049 3315; x_wconf 84' lang='lat' dir='ltr'><strong>alius</strong></span> <span class='ocrx_word' id='word_1_273' title='bbox 1081 3251 1409 3334; x_wconf 84' lang='lat' dir='ltr'><strong>adparuit,</strong></span> <span class='ocrx_word' id='word_1_274' title='bbox 1470 3266 1535 3313; x_wconf 92' lang='lat' dir='ltr'><strong>et</strong></span> <span class='ocrx_word' id='word_1_275' title='bbox 1572 3273 1692 3335; x_wconf 91' lang='lat' dir='ltr'><strong>per</strong></span> <span class='ocrx_word' id='word_1_276' title='bbox 1721 3272 1862 3314; x_wconf 89' lang='lat' dir='ltr'><strong>eum</strong></span> <span class='ocrx_word' id='word_1_277' title='bbox 1891 3252 2195 3324; x_wconf 85' lang='lat' dir='ltr'><strong>maxime,</strong></span> <span class='ocrx_word' id='word_1_278' title='bbox 2246 3274 2392 3312; x_wconf 87' lang='lat' dir='ltr'><strong>nam</strong></span> <span class='ocrx_word' id='word_1_279' title='bbox 2436 3265 2499 3313; x_wconf 90' lang='lat' dir='ltr'><strong>et</strong></span> 
     </span>
     <span class='ocr_line' id='line_1_37' title="bbox 545 3332 2498 3417; baseline -0.002 -19"><span class='ocrx_word' id='word_1_280' title='bbox 545 3335 800 3398; x_wconf 85' lang='lat' dir='ltr'><strong>Carisio</strong></span> <span class='ocrx_word' id='word_1_281' title='bbox 846 3333 1174 3417; x_wconf 86' lang='lat' dir='ltr'><strong>suppetias</strong></span> <span class='ocrx_word' id='word_1_282' title='bbox 1217 3333 1490 3406; x_wconf 86' lang='lat' dir='ltr'><strong>tulerat,</strong></span> <span class='ocrx_word' id='word_1_283' title='bbox 1533 3348 1803 3417; x_wconf 87' lang='lat' dir='ltr'><strong>utraque</strong></span> <span class='ocrx_word' id='word_1_284' title='bbox 1843 3334 2017 3396; x_wconf 88' lang='lat' dir='ltr'><strong>natio</strong></span> <span class='ocrx_word' id='word_1_285' title='bbox 2052 3332 2269 3416; x_wconf 81' lang='lat' dir='ltr'><strong>jugum</strong></span> <span class='ocrx_word' id='word_1_286' title='bbox 2314 3355 2498 3395; x_wconf 87' lang='lat' dir='ltr'><strong>rece-</strong></span> 
     </span>
     <span class='ocr_line' id='line_1_38' title="bbox 541 3415 2501 3499; baseline 0 -23"><span class='ocrx_word' id='word_1_287' title='bbox 541 3418 663 3499; x_wconf 85' lang='lat' dir='ltr'><strong>pit.</strong></span> <span class='ocrx_word' id='word_1_288' title='bbox 747 3416 1207 3477; x_wconf 86' lang='lat' dir='ltr'><strong>Cantabrorum</strong></span> <span class='ocrx_word' id='word_1_289' title='bbox 1243 3427 1450 3475; x_wconf 80' lang='lat' dir='ltr'><strong>tamen</strong></span> <span class='ocrx_word' id='word_1_290' title='bbox 1490 3416 1789 3498; x_wconf 87' lang='lat' dir='ltr'><strong>plerique</strong></span> <span class='ocrx_word' id='word_1_291' title='bbox 1825 3415 2142 3478; x_wconf 87' lang='lat' dir='ltr'><strong>libertatis</strong></span> <span class='ocrx_word' id='word_1_292' title='bbox 2192 3415 2501 3499; x_wconf 85' lang='lat' dir='ltr'><strong>despera-</strong></span> 
     </span>
     <span class='ocr_line' id='line_1_39' title="bbox 541 3496 2498 3582; baseline -0.001 -23"><span class='ocrx_word' id='word_1_293' title='bbox 541 3498 723 3559; x_wconf 88' lang='lat' dir='ltr'><strong>tione</strong></span> <span class='ocrx_word' id='word_1_294' title='bbox 756 3511 1028 3560; x_wconf 86' lang='lat' dir='ltr'><strong>mortem</strong></span> <span class='ocrx_word' id='word_1_295' title='bbox 1054 3496 1182 3558; x_wconf 86' lang='lat' dir='ltr'><strong>sibi</strong></span> <span class='ocrx_word' id='word_1_296' title='bbox 1214 3496 1690 3559; x_wconf 83' lang='lat' dir='ltr'><strong>consciverunt.</strong></span> <span class='ocrx_word' id='word_1_297' title='bbox 1771 3499 1995 3559; x_wconf 87' lang='lat' dir='ltr'><strong>Mitius</strong></span> <span class='ocrx_word' id='word_1_298' title='bbox 2027 3496 2356 3582; x_wconf 82' lang='lat' dir='ltr'><strong>aliquanto</strong></span> <span class='ocrx_word' id='word_1_299' title='bbox 2389 3519 2498 3581; x_wconf 80' lang='lat' dir='ltr'><strong>ge-</strong></span> 
     </span>
     <span class='ocr_line' id='line_1_40' title="bbox 537 3577 2491 3663; baseline 0.002 -25"><span class='ocrx_word' id='word_1_300' title='bbox 537 3599 667 3639; x_wconf 82' lang='lat' dir='ltr'><strong>nus</strong></span> <span class='ocrx_word' id='word_1_301' title='bbox 709 3577 1006 3651; x_wconf 85' lang='lat' dir='ltr'><strong>Astures,</strong></span> <span class='ocrx_word' id='word_1_302' title='bbox 1070 3578 1260 3639; x_wconf 87' lang='lat' dir='ltr'><strong>simul</strong></span> <span class='ocrx_word' id='word_1_303' title='bbox 1297 3577 1375 3639; x_wconf 91' lang='lat' dir='ltr'><strong>ab</strong></span> <span class='ocrx_word' id='word_1_304' title='bbox 1416 3578 1760 3640; x_wconf 82' lang='lat' dir='ltr'><strong>obsidione</strong></span> <span class='ocrx_word' id='word_1_305' title='bbox 1807 3580 1995 3661; x_wconf 58' lang='lat' dir='ltr'><strong>loci„</strong></span> <span class='ocrx_word' id='word_1_306' title='bbox 2042 3599 2235 3663; x_wconf 89' lang='lat' dir='ltr'><strong>quem</strong></span> <span class='ocrx_word' id='word_1_307' title='bbox 2281 3579 2491 3642; x_wconf 79' lang='lat' dir='ltr'><strong>adorti</strong></span> 
     </span>
     <span class='ocr_line' id='line_1_41' title="bbox 540 3660 2488 3744; baseline 0.001 -22"><span class='ocrx_word' id='word_1_308' title='bbox 540 3660 846 3732; x_wconf 82' lang='lat' dir='ltr'><strong>fuerunt,</strong></span> <span class='ocrx_word' id='word_1_309' title='bbox 891 3661 1173 3740; x_wconf 86' lang='lat' dir='ltr'><strong>rejectos</strong></span> <span class='ocrx_word' id='word_1_310' title='bbox 1213 3660 1285 3723; x_wconf 90' lang='lat' dir='ltr'><strong>C.</strong></span> <span class='ocrx_word' id='word_1_311' title='bbox 1300 3661 1585 3724; x_wconf 75' lang='lat' dir='ltr'><strong>Furnius</strong></span> <span class='ocrx_word' id='word_1_312' title='bbox 1617 3660 1874 3744; x_wconf 84' lang='lat' dir='ltr'><strong>proelio</strong></span> <span class='ocrx_word' id='word_1_313' title='bbox 1910 3661 2104 3738; x_wconf 78' lang='lat' dir='ltr'><strong>vicit,</strong></span> <span class='ocrx_word' id='word_1_314' title='bbox 2147 3661 2219 3727; x_wconf 79' lang='lat' dir='ltr'><strong>in</strong></span> <span class='ocrx_word' id='word_1_315' title='bbox 2251 3660 2488 3724; x_wconf 81' lang='lat' dir='ltr'><strong>dediti-</strong></span> 
     </span>
     <span class='ocr_line' id='line_1_42' title="bbox 542 3755 2071 3809; baseline 0.002 -5"><span class='ocrx_word' id='word_1_316' title='bbox 542 3761 734 3804; x_wconf 90' lang='lat' dir='ltr'><strong>onem</strong></span> <span class='ocrx_word' id='word_1_317' title='bbox 782 3755 1120 3809; x_wconf 84' lang='lat' dir='ltr'><strong>venerunt.</strong></span> <span class='ocrx_word' id='word_1_318' title='bbox 2070 3762 2071 3767; x_wconf 73' lang='grc'>’</span> 
     </span>
    </p>
   </div>
   <div class='ocr_carea' id='block_1_5' title="bbox 522 3892 2488 4175">
    <p class='ocr_par' dir='ltr' id='par_1_10' title="bbox 522 3892 2488 4175">
     <span class='ocr_line' id='line_1_43' title="bbox 608 3892 2488 3975; baseline 0.001 -22"><span class='ocrx_word' id='word_1_319' title='bbox 608 3899 750 3971; x_wconf 84' lang='lat' dir='ltr'><strong>Cap.</strong></span> <span class='ocrx_word' id='word_1_320' title='bbox 776 3898 904 3954; x_wconf 70' lang='lat' dir='ltr'><strong>xlx.</strong></span> <span class='ocrx_word' id='word_1_321' title='bbox 959 3899 1204 3955; x_wconf 88' lang='lat' dir='ltr'><strong>Sueton.</strong></span> <span class='ocrx_word' id='word_1_322' title='bbox 1231 3897 1384 3973; x_wconf 73' lang='lat' dir='ltr'><strong>Aug.</strong></span> <span class='ocrx_word' id='word_1_323' title='bbox 1411 3895 1591 3952; x_wconf 53' lang='grc' dir='ltr'><strong>δόμα</strong></span> <span class='ocrx_word' id='word_1_324' title='bbox 1622 3892 1761 3953; x_wconf 76' lang='lat' dir='ltr'><strong>Dio.</strong></span> <span class='ocrx_word' id='word_1_325' title='bbox 1814 3899 2051 3970; x_wconf 79' lang='lat' dir='ltr'><strong>Strabo,</strong></span> <span class='ocrx_word' id='word_1_326' title='bbox 2080 3901 2128 3956; x_wconf 88' lang='lat'><strong>1.</strong></span> <span class='ocrx_word' id='word_1_327' title='bbox 2159 3901 2247 3970; x_wconf 59' lang='grc' dir='ltr'><strong>ιζ.</strong></span> <span class='ocrx_word' id='word_1_328' title='bbox 2279 3919 2344 3975; x_wconf 83' lang='lat' dir='ltr'><strong>p.</strong></span> <span class='ocrx_word' id='word_1_329' title='bbox 2370 3904 2488 3968; x_wconf 75' lang='lat'><strong>670.</strong></span> 
     </span>
     <span class='ocr_line' id='line_1_44' title="bbox 522 3964 2484 4093; baseline 0.015 -98"><span class='ocrx_word' id='word_1_330' title='bbox 522 3966 677 4022; x_wconf 71' lang='lat' dir='ltr'><strong>,Dim</strong></span> <span class='ocrx_word' id='word_1_331' title='bbox 749 3968 903 4049; x_wconf 47' lang='lat' dir='ltr'><strong>Cap..</strong></span> <span class='ocrx_word' id='word_1_332' title='bbox 926 3970 1092 4048; x_wconf 40' lang='lat' dir='ltr'><strong>xm..</strong></span> <span class='ocrx_word' id='word_1_333' title='bbox 1120 3969 1366 4063; x_wconf 86' lang='lat' dir='ltr'><strong>Sueton.</strong></span> <span class='ocrx_word' id='word_1_334' title='bbox 1398 3964 1548 4048; x_wconf 71' lang='lat' dir='ltr'><strong>Aug.</strong></span> <span class='ocrx_word' id='word_1_335' title='bbox 1577 3984 1660 4093; x_wconf 55' lang='grc' dir='ltr'><strong>εξ.</strong></span> <span class='ocrx_word' id='word_1_336' title='bbox 1705 3970 1841 4023; x_wconf 90' lang='lat' dir='ltr'><strong>Dio.</strong></span> <span class='ocrx_word' id='word_1_337' title='bbox 1879 3970 2205 4037; x_wconf 74' lang='lat' dir='ltr'><strong>Plin.36,6.</strong></span> <span class='ocrx_word' id='word_1_338' title='bbox 2239 3970 2484 4052; x_wconf 73' lang='lat' dir='ltr'><strong>sueton.</strong></span> 
     </span>
     <span class='ocr_line' id='line_1_45' title="bbox 537 4035 2488 4175; baseline 0.003 -18"><span class='ocrx_word' id='word_1_339' title='bbox 537 4038 794 4175; x_wconf 56' lang='lat' dir='ltr'><strong>²123,ngAE</strong></span> <span class='ocrx_word' id='word_1_340' title='bbox 827 4037 1536 4165; x_wconf 62' lang='lat' dir='ltr'><strong>ssi⁰hf.}1”·ri&#39;&#39;5;.⁸i&gt;ss{⁰·</strong></span> <span class='ocrx_word' id='word_1_341' title='bbox 1573 4053 1605 4091; x_wconf 74' lang='lat'><strong>⁶</strong></span> <span class='ocrx_word' id='word_1_342' title='bbox 1658 4035 1904 4111; x_wconf 68' lang='lat'><strong>⁸¹¹⁶‘⁰¹²·</strong></span> <span class='ocrx_word' id='word_1_343' title='bbox 1985 4039 2322 4151; x_wconf 49' lang='lat' dir='ltr'><strong>‹aa-mv.</strong></span> <span class='ocrx_word' id='word_1_344' title='bbox 2355 4044 2488 4096; x_wconf 76' lang='lat'><strong>¹³¹⁰·</strong></span> 
     </span>
    </p>
   </div>
   <div class='ocr_carea' id='block_1_6' title="bbox 2652 3522 2656 4598">
    <p class='ocr_par' dir='ltr' id='par_1_11' title="bbox 2652 3522 2656 4598">
     <span class='ocr_line' id='line_1_46' title="bbox 2652 3522 2656 4598; baseline 0 0"><span class='ocrx_word' id='word_1_345' title='bbox 2652 3522 2656 4598; x_wconf 95' lang='lat' dir='ltr'><strong> </strong></span> 
     </span>
    </p>
   </div>
  </div>
 </body>
</html>
