2675 4642
555 236 687 331 ⁶7⁸4
760 199 1174 310 Fnssms‘n.
1202 235 2056 307 SUPPLEMENTORUM
2075 237 2507 308 Lm.xc1x.,

625 421 634 450 Β
1793 437 1798 450 ι

223 453 297 509 U.
329 449 382 509 e.
411 453 537 525 ¹7²³·
565 455 733 513 xime
756 457 810 514 si
838 458 1245 513 consentiant.
1323 455 1507 527 Ouod
1536 458 1590 511 si
1620 462 1936 526 pugnent,
1975 469 2162 524 neque
2191 463 2255 514 te'
2281 460 2583 531 quietum

227 526 387 583 ΔΛ).
415 540 509 595 29·
566 546 689 585 esse
717 545 1005 598 umquam
1024 562 1043 595 ,
1083 546 1271 598 neque
1301 525 1408 581 sub
1441 534 1497 582 te
1533 525 1856 597 quidquam
1885 526 2229 594 patientur'.·
2274 537 2366 593 et,
2385 530 2585 602 sisa.

566 604 628 651 to
661 595 993 660 concedaS,
1047 593 1263 652 i‘terum
1299 598 1365 650 in
1391 593 1602 650 eadem
1635 592 1750 649 illa
1770 632 1787 656 ,
1832 610 1983 666 quae
2011 612 2196 664 supra
2232 596 2574 669 dia-imus,

566 664 940 726 discordias,
980 665 1340 728 seditioneS,
1382 683 1560 719 arma
1596 661 1835 726 civilia,
1872 655 2246 736 difficultate
2279 667 2583 739 quadam

567 732 966 791 consiliorum
991 732 1417 804 inexplicabili
1446 732 1816 789 relabemur.

243 842 533 896 Praestare
687 825 920 890 XXVI·
971 833 1148 893 Nihil
1176 853 1326 894 ervo
1363 835 1583 893 melius
1596 818 1815 911 fuerit,
1853 852 2034 907 quam
2060 845 2124 894 te
2155 837 2351 897 simul
2377 849 2581 909 atque

197 911 543 981 argodepom·
571 907 1013 982 rempublicam
1071 874 1376 966 omnibus*
1404 907 1570 964 hisce
1627 904 1930 966 molestiis
1975 925 2047 963 ac
2089 908 2582 969 discriminibus

200 999 256 1031 re
281 981 513 1048 potesta—
572 997 696 1032 uno
714 976 891 1050 sacto
931 973 1275 1032 exsolvisse.
1352 978 1530 1032 Nunc
1563 984 1629 1029 ut
1665 992 1844 1030 arma
1867 1011 1886 1041 ,
1931 976 2313 1048 provincias,
2355 983 2581 1054 magi·

199 1049 460 1113 temdum
475 1044 546 1100 ti*-
573 1055 838 1107 stratus,
897 1046 1209 1100 aerarium
1243 1042 1469 1118 populo
1507 1044 1766 1110 reddas,
1825 1046 1893 1100 in
1920 1056 2025 1099 tua
2052 1065 2244 1102 manu
2278 1057 2410 1104 est.-
2468 1069 2583 1106 ea-

202 1131 337 1173 σου.
465 1115 474 1147 ¹
614 1135 684 1173 ue
719 1117 961 1171 ratione
1000 1111 1344 1186 gloriosam
1394 1132 1786 1186 securamque
1835 1119 2200 1176 senectutem
2242 1117 2312 1171 in
2349 1122 2582 1188 patria

574 1133 1010 1250 beneficiorum
1055 1184 1313 1237 memori
1342 1202 1590 1253 sperare
1615 1185 1861 1254 pateris.
1943 1183 2120 1252 Quod
2154 1184 2399 1257 siforte
2432 1188 2582 1245 red·

575 1254 721 1310 dere
744 1247 1220 1324 rempublicam,
1274 1251 1469 1308 donec
1503 1259 1669 1326 potes
1692 1287 1711 1318 ,
1763 1272 1889 1307 non
1924 1256 2043 1321 vis,
2102 1259 2289 1318 timeo
2324 1276 2412 1312 ne
2460 1257 2585 1313 ali-

577 1320 840 1395 quando,
917 1339 1062 1374 uum
1095 1318 1280 1386 voles,
1314 1338 1620 1392 nequeas3
1666 1340 1854 1394 neque
1888 1329 2057 1379 tuum
2089 1332 2325 1398 tempus
2354 1345 2579 1399 exspe-

575 1399 697 1447 ctet
716 1409 874 1462 popu
907 1406 1000 1452 us,
1034 1388 1141 1445 sed
1172 1410 1309 1445 cum
1345 1390 1638 1448 dedecore
1668 1399 1772 1446 tuo
1807 1390 2147 1467 domnoque
2177 1410 2275 1450 res
2301 1403 2582 1467 repetat,

576 1477 728 1534 quas
760 1458 1066 1532 putaverit
1102 1477 1139 1513 a
1165 1466 1229 1516 te
1257 1479 1366 1533 per
1392 1458 1694 1534 injuriam
1732 1462 2004 1519 retineri.

246 1566 356 1620 Nee
385 1566 522 1618 enin·
706 1550 974 1613 XXVII.
1019 1563 1143 1619 Nec
1174 1564 1340 1619 enim
1381 1561 1905 1634 divinarefutura
1952 1582 2252 1639 magnum
2291 1573 2415 1626 est,
2471 1565 2582 1623 ubi

207 1636 471 1705 populum
586 1634 1064 1708 praeteritorum
1108 1639 1383 1693 eventus,
1435 1633 1549 1688 hoc
1576 1634 1898 1704 ingenium
1927 1631 2303 1706 esse.populi
2336 1634 2581 1691 Rorna-

213 1705 370 1759 Rom.
402 1703 523 1755 diu·
588 1704 690 1770 ni,
744 1703 905 1758 hanc
928 1700 1291 1774 fortunam,
1338 1701 1577 1768 docuit,
1627 1708 1692 1757 ut
1732 1701 2056 1757 diuturnos
2112 1702 2399 1760 dominos
2441 1704 2580 1776 pati

209 1786 404 1825 turnos
422 1772 512 1823 do·
589 1780 877 1844 nequeat,
928 1772 1249 1841 imperium
1286 1771 1653 1844 deponentes
1682 1789 1808 1828 non
1840 1772 2073 1839 oderit,
2109 1770 2323 1830 cedere
2347 1791 2576 1847 grava·

216 1842 547 1913 minospati.
589 1852 683 1897 tos
727 1842 1054 1910 opprimat.
1146 1838 1368 1916 Sulla,
1423 1841 1814 1898 acerbissime
1852 1848 1996 1897 acta
2043 1839 2390 1908 dictatura,
2436 1848 2578 1913 post

591 1907 898 1983 ejuratam
938 1914 1302 1980 potestatem
1343 1927 1589 1966 securus
1630 1929 1703 1967 ac
1750 1911 2088 1966 honoratus
2134 1912 2324 1966 via-it.-
2387 1911 2560 1966 Pom-

496 2009 504 2026 ,
590 1975 792 2054 pejus·‚
830 1977 1120 2049 quamdiu
1153 1983 1471 2036 restituere
1499 1978 1718 2036 solitus
1744 1988 1829 2036 est
1859 1978 2176 2051 adceptam
2203 1982 2559 2053 potentiam,

594 2066 803 2103 amore
833 2050 1049 2105 civium
1067 2046 1329 2112 floruit.-
1379 2049 1566 2114 idem,
1602 2056 1924 2121 postquam
1962 2049 2125 2105 solus
2161 2049 2349 2106 voluit
2376 2050 2559 2104 omni·

594 2117 703 2172 bus
739 2134 864 2172 esse
892 2118 1228 2187 potentior,
1268 2138 1402 2173 cum
1436 2124 1568 2177 tota
1606 2116 1791 2173 domo
1818 2117 2077 2243 interiit.
2130 2138 2245 2173 nec
2285 2118 2395 2176 alii
2424 2119 2558 2180 Gar,

594 2186 771 2241 bonis
815 2194 922 2241 aut
964 2187 1235 2248 cinnae.
1301 2189 1616 2258 Mariique
1644 2206 1716 2243 ac
1757 2186 1872 2243 Ser
1907 2185 2032 2245 orii
2072 2190 2281 2244 exitus
2298 2188 2563 2260 suerunt.

596 2257 721 2312 Nec
756 2257 918 2310 enim
952 2252 1163 2329 populi
1205 2256 1482 2314 Romani
1514 2257 1702 2331 genio
1752 2276 1845 2315 res
1888 2255 2019 2312 ulla
2064 2264 2192 2311 tarn
2241 2254 2419 2313 cordi
2449 2257 2569 2320 esi,

596 2341 782 2396 quam
822 2324 1131 2400 libertatis
1162 2326 1470 2384 custodia.
1544 2328 1816 2397 Ecquos,
1856 2333 1920 2381 ut
1956 2325 2268 2397 improbos
2299 2330 2453 2384 ciues
2479 2334 2573 2380 ta·

598 2410 802 2464 ceam,
857 2403 962 2449 aut
997 2411 1271 2465 majores
1313 2405 1426 2452 aut
1460 2395 1743 2454 meliores
1786 2397 1944 2450 uiros
1981 2393 2327 2460 respublica
2360 2402 2573 2450 nostra

604 2461 878 2517 Camillo
897 2482 971 2519 ac
1007 2463 1293 2527 Scipione
1322 2464 1508 2533 tulit,
1563 2484 1639 2522 ac
1671 2472 1852 2534 patre
1883 2474 1988 2521 tuo
2024 2464 2328 2521 Caesare?
2359 2462 2472 2530 sed
2510 2461 2578 2517 il-

601 2529 693 2585 los
734 2533 1197 2589 etiam-civilem
1240 2553 1521 2607 egressas
1555 2533 1808 2591 modum
1845 2533 2067 2595 eoesilio
2106 2542 2212 2589 aut
2244 2540 2453 2589 morte
2495 2528 2582 2588 vel

606 2600 791 2656 amici
824 2620 896 2657 ac
925 2604 1250 2676 propinqui
1295 2602 1676 2678 depulerunt.

266 2712 549 2767 Concludit
726 2694 1017 2756 XXVIII·
1066 2709 1464 2778 Nequaquam
1516 2710 1730 2762 tamen
1774 2713 1993 2763 auctor
2039 2722 2155 2781 ego
2199 2705 2315 2761 tibi
2343 2703 2579 2778 fuerim

232 2782 566 2851 igitumud..
610 2771 998 2845 abjiciendae
1038 2775 1387 2848 potentiae,
1442 2776 1797 2846 priusquam
1826 2796 1906 2833 ex
1935 2792 2050 2832 usu
2086 2778 2331 2846 patriae
2376 2787 2454 2828 ac
2498 2773 2582 2830 di·
2670 2825 2671 2848 ¹

231 2853 456 2905 deo-dam
475 2854 568 2923 effe
657 2846 853 2901 nitate
875 2853 983 2900 tua
1012 2842 1452 2916 rempublicam
1477 2846 1882 2906 constitueris.
1944 2842 2085 2972 Pua
2113 2843 2181 2900 in
2207 2865 2273 2901 re
2306 2843 2429 2899 tibi
2451 2840 2588 2899 Sul-

234 2937 401 2992 remp.
640 2932 740 2969 am
775 2914 1155 2971 imitandum
1185 2932 1417 2982 censeo;
1458 2911 1635 2987 cujus
1666 2917 1917 2973 tametsi
1970 2931 2107 2987 eges
2144 2912 2453 2987 quaedam
2490 2910 2583 2967 ob·

609 2993 873 3056 rog-atae
907 2990 1056 3042 sunt
1085 2988 1295 3056 postea
1319 3020 1336 3047 ‚
1400 2981 1727 3058 pleraeque
1759 2993 1967 3042 tamen
1999 2990 2273 3038 manent.
2355 2980 2473 3039 Sic
2502 2997 2587 3056 ορ.

612 3054 785 3111 curri
807 3061 1003 3126 potest
1027 3050 1300 3107 motibus
1334 3052 1587 3107 omnino
1620 3054 1889 3117 orituris,
1928 3056 1982 3110 si
2009 3051 2164 3108 velut
2191 3050 2410 3106 orbam
2441 3068 2588 3106 rem·
2666 3115 2667 3120 Ἰ

611 3121 964 3198 publicam,
1016 3130 1351 3193 antequam.
1394 3138 1459 3177 se
1500 3124 1794 3178 sustinere
1842 3141 1918 3179 ac
1942 3140 2155 3191 regere
2176 3123 2315 3193 ipsa
2355 3126 2588 3192 posset,
2666 3133 2667 3156 ἢ

613 3200 865 3262 repente
897 3190 1280 3249 destitueres.
1357 3192 1524 3247 Certe
1557 3192 1875 3263 popularis
1918 3194 2108 3250 etiam
2136 3198 2338 3246 status
2365 3189 2590 3246 discor-

615 3260 762 3318 diae
805 3278 878 3316 ac
920 3259 1333 3318 seditionibus
1387 3259 1692 3317 obnoxius
1730 3268 1858 3319 est.-
1913 3279 2024 3318 nec
2048 3257 2437 3315 mortalibus
2473 3266 2587 3313 tarn

615 3329 760 3388 licet
800 3348 928 3387 esse
956 3328 1282 3402 felicibus,
1330 3335 1398 3383 ut
1443 3328 1770 3402 quidquam
1813 3332 1982 3404 omni
2024 3327 2291 3402 periculo
2337 3344 2591 3408 vacuum·

620 3401 1187 3457 comminiscantur.
1263 3394 1390 3453 Sed
1440 3400 1593 3455 haec
1640 3399 2026 3456 incommoda
2071 3396 2375 3469 quantula
2413 3396 2593 3451 viden

616 3486 934 3527 necessum
973 3478 1093 3532 est,
1145 3468 1200 3522 si
1246 3486 1385 3524 cum
1426 3468 1786 3538 tyrannide,
1845 3469 1929 3524 ad
1970 3486 2150 3579 quam
2184 3466 2496 3540 proclivis·
2529 3462 2591 3518 ab

617 3541 801 3593 unius
840 3541 1097 3609 imperio
1130 3538 1461 3601 transitus,
1515 3537 1991 3596 contendantur.
2063 3536 2187 3592 Seri
2219 3556 2334 3608 ego
2377 3535 2464 3593 de
2493 3535 2591 3590 ltoc

617 3605 786 3663 nihil
812 3610 879 3666 in
906 3606 1251 3679 praesentia
1281 3604 1484 3663 dicere
1517 3610 1827 3666 constitui,
1868 3605 2040 3681 cuju„
2073 3633 2127 3660 se.
2195 3606 2244 3661 'a
2274 3625 2467 3662 nemo
2502 3609 2594 3668 est,

623 3678 770 3750 quin
802 3679 994 3747 possit
1028 3689 1385 3744 coarguere.
1462 3677 1579 3734 hoc
1616 3676 1932 3733 ostendere
1958 3696 2065 3732 con
2187 3696 2211 3730 s
2240 3695 2375 3733 sum
2397 3710 2418 3740 2
2476 3689 2592 3732 eam

624 3763 756 3800 esse
779 3753 1074 3801 naturam
1101 3746 1485 3815 principatus
1505 3784 1523 3815 ,
1581 3755 1649 3803 ut
1670 3784 1688 3817 ‚
1727 3749 1977 3803 etiamsi
2008 3746 2073 3800 bc
2112 3764 2196 3800 „s
2223 3746 2289 3801 in
2317 3746 2494 3800 viros
2520 3761 2593 3798 ce·

626 3811 882 3874 ciderit,
931 3834 1052 3869 non
1093 3815 1203 3871 diu
1244 3812 1400 3872 tales
1449 3833 1580 3871 esse
1609 3817 1926 3887 patiatur,
1981 3817 2129 3886 quin
2169 3813 2458 3869 celeriter
2509 3813 2595 3868 aul

626 3878 879 3936 licentia
913 3891 1132 3949 mutet,
1186 3891 1298 3938 aut
1331 3882 1632 3941 molestiis
1667 3886 1943 3957 curisque
1974 3902 2048 3939 ac
2079 3882 2375 3955 periculis
2409 3880 2593 3968 oppri-

624 3957 780 4004 mat.
860 3950 1013 4010 Tam
1042 3967 1261 4023 anceps
1292 3953 1513 4027 igitur,
1544 3954 1790 4021 Caesar,
1831 3972 1904 4013 ac
1928 3952 2224 4013 horribile
2253 3945 2590 4015 discrimem

692 4101 844 4197 (παρ’.
874 4095 1083 4184 xxw.
1120 4124 1262 4184 mo.
