2675 4642
3 3251 10 3518 rr--—--—v---·.-———----—
3 3229 4 3234 Α
3 3179 4 3208 ⁴⁴

56 3492 66 3498 ι

430 185 434 196 ’
511 285 518 289 ,
597 203 719 296 ᾲοι,
781 164 1189 296 FrmNsu.
1214 148 2054 276 surranumronuu
2080 208 2233 271 Lm.
2250 210 2481 276 xc1x.

265 420 335 475 υ·
366 439 420 475 ⁰·
447 421 573 489 ¹725.
601 439 876 495 ratores,
917 419 1078 482 alios
1115 418 1304 480 etiam
1332 417 1409 477 iri
1433 416 1717 494 externis
1756 417 2026 484 urbibus
2062 421 2406 486 coustituit.
2454 425 2555 483 Ex·

259 493 423 550 ΜΟ·
453 508 543 560 ⁸7·
602 506 832 569 eodem
871 502 1099 565 ordine
1130 512 1588 584 procuratores
1612 540 1631 572 ‚
1692 501 2015 564 interdum
2061 519 2127 565 et
2174 524 2255 568 ex
2294 505 2554 576 libertis

601 590 760 658 suis,
804 589 871 646 in
912 603 1133 645 omnes
1180 579 1547 663 provincias
1583 580 1850 656 dimisit,
1877 583 2197 648 reditibus
2239 588 2559 667 colligen-

598 671 702 733 dis
738 668 1063 748 certisque
1089 661 1406 725 faciendis
1442 663 1783 757 impensis:
1830 666 1957 727 nisi
1995 667 2167 750 quod
2206 690 2243 729 a
2272 686 2557 749 procon-

599 751 846 815 sulibus
881 746 1392 832 provinciarum,
1453 743 1682 824 quibus
1717 762 2094 827 praeerant,
2161 750 2404 809 tributa
2446 767 2554 809 co·

598 834 933 917 gebantur.
1015 825 1136 887 His
1177 825 1367 887 etiam
1414 827 1979 907 procuratoribus,
2036 849 2164 890 non
2219 849 2414 893 secus
2463 843 2555 890 at-

599 934 725 999 que
760 908 1294 995 proconsulibus,
1358 905 1645 968 mandata
1670 908 1984 992 Princeps
2023 910 2250 974 dabat=
2309 930 2556 993 eosque

479 1033 498 1042 κ
597 995 799 1058 certis
832 1010 972 1053 cum
1010 986 1338 1073 stipendiis
1384 988 1743 1061 emittebat,
1802 989 2000 1074 idque
2036 993 2228 1054 etiam
2273 993 2345 1054 in
2386 1008 2553 1054 cete-

595 1080 693 1139 ris
728 1071 1203 1159 provinciarum
1236 1070 1600 1133 rectoribus
1631 1074 1875 1133 servari
1913 1074 2168 1157 placuit.
2253 1074 2555 1157 Antiqui-

596 1173 703 1220 tus
730 1155 896 1217 enim
930 1153 1375 1237 redemptores
1410 1164 1625 1224 erant,
1672 1153 1784 1234 qui
1819 1156 2322 1237 proconsulibus
2350 1154 2555 1217 mulos

599 1254 667 1301 et
698 1238 1100 1299 tabernacula
1122 1282 1140 1311 ,
1186 1254 1497 1318 vasaque,
1543 1246 1607 1294 et
1639 1254 1826 1295 omne
1861 1236 2033 1298 aliud
2073 1235 2556 1299 instrumentum

652 1320 861 1382 ublice
911 1316 1113 1378 locata
1149 1313 1581 1399 praeberent.'
1651 1318 1815 1377 Tum
1848 1337 2008 1380 vero
2057 1340 2285 1403 parare
2322 1319 2486 1381 baec
2519 1336 2558 1380 e

600 1344 674 1465 fii
724 1397 934 1464 endiis
962 1400 1094 1460 suis
1127 1417 1349 1459 omnes
1375 1396 1538 1478 jum.
1578 1393 1690 1457 has
1724 1396 1991 1481 insuper
2023 1421 2398 1463 communes
2432 1420 2559 1462 om-

596 1486 665 1546 ni
716 1505 793 1545 us
832 1483 1013 1562 leges
1049 1480 1461 1562 adceperunt,
1506 1507 1579 1543 ne
1618 1490 1753 1562 quis
1785 1487 2085 1547 delectum
2107 1490 2379 1547 militurn
2414 1508 2552 1562 oge-

461 1595 488 1614 =
597 1574 725 1624 ret.-
766 1585 841 1621 ne
871 1565 1176 1629 ,pecunias
1224 1565 1483 1633 cogeret,
1534 1561 1657 1625 nisi
1687 1580 1765 1622 ex
1808 1567 2225 1637 praescripto.-
2282 1583 2360 1620 ne
2401 1562 2547 1634 quis,

602 1636 853 1704 adcepto
884 1647 1236 1695 successore,
1280 1636 1667 1686 cunctaretur
1703 1630 2010 1699 decedere,
2047 1653 2188 1690 neve
2223 1642 2461 1706 tempus
2489 1631 2552 1684 in

598 1706 821 1828 {tinere
848 1708 1098 1767 tereret,
1137 1699 1241 1756 sed
1265 1700 1432 1755 intra
1462 1700 1768 1758 trimestre
1797 1703 2003 1776 utique
2037 1705 2104 1759 in
2127 1700 2340 1761 urbem
2371 1719 2554 1758 rever·

633 1779 851 1831 eretur.

173 1897 180 1904 ’
258 1885 586 1971 Sgeciesejus
676 1915 696 1928 ·
730 1884 832 1945 CI.
874 1883 1056 1944 Hanc
1107 1878 1306 1963 igitur
1352 1877 1583 1939 faciem
1618 1891 1750 1942 tum
1800 1879 2058 1965 quidem
2095 1880 2412 1966 temporis
2445 1874 2545 1938 ista'
2670 1947 2671 1954 χ

174 1989 186 2002 ’
241 1957 466 2026 3019Λο
484 1975 571 2010 ⁰¹·
611 1978 1018 2048 receperunt.
1062 1981 1136 2024 re
1169 1980 1322 2024 vera
1359 1980 1627 2043 regnum
1660 1975 1817 2034 erat,
1864 1977 1929 2025 et
1950 1964 2204 2035 Caesar,
2250 1960 2534 2023 militibus
2632 2005 2637 2014 .

239 2042 305 2077 ra
337 2027 523 2078 intime

234 2095 436 2159 form·
611 2045 952 2109 instructus
1005 2058 1069 2106 et
1103 2042 1411 2128 pecunia,
1469 2042 1657 2104 etiam
1692 2063 1766 2105 ea
1789 2086 1806 2116 ,
1867 2064 2026 2142 quae
2063 2043 2407 2107 reddidiss'e
2442 2059 2533 2102 se-

612 2128 787 2191 natui
827 2128 1196 2212 populoque
1234 2123 1608 2198 videbatur,
1673 2125 1951 2210 imperio
1993 2125 2351 2189 obtinebat.
2426 2125 2536 2185 Ae-

611 2210 849 2273 rarium
893 2207 1152 2293 quidem
1200 2204 1524 2288 publicum
1570 2204 1647 2265 ab
1697 2227 1813 2270 suo
1859 2205 2218 2274 distinctum
2255 2205 2540 2267 habebatt

614 2292 731 2355 sed
760 2295 1042 2376 parerat
1081 2290 1142 2351 ei
1180 2288 1246 2374 in
1284 2287 1599 2348 utrumvis
1633 2285 1940 2372 potestas,
1985 2310 2145 2372 quae
2180 2308 2311 2351 nec
2349 2303 2547 2349 rerum

612 2374 926 2437 limitibus
952 2415 970 2445 ,
1036 2391 1156 2433 nec
1186 2384 1546 2452 temporum
1581 2370 1804 2450 spatiis
1842 2373 2285 2432 coerceretur.
2368 2373 2548 2439 Nam,

549 2511 576 2524 ..
614 2456 870 2519 tametsi
906 2455 1155 2516 dixerat
1184 2449 1294 2512 ista
1327 2470 1398 2510 se
1437 2463 1676 2513 tantum
1708 2452 1776 2512 in
1826 2452 2203 2514 decennium
2239 2449 2547 2534 recipere,

616 2558 765 2599 mox
790 2538 854 2598 in
886 2534 1057 2598 aliud
1091 2532 1593 2619 quinquennium
1615 2574 1632 2605 ,
1677 2532 1911 2595 deinde
1946 2535 2181 2596 iterum
2216 2533 2286 2593 in
2327 2532 2553 2593 decen·

614 2619 789 2680 nium
834 2619 897 2680 ei
935 2629 1347 2702 prorogatum
1383 2615 1722 2695 imperium
1760 2613 1879 2693 est3
1939 2615 2025 2677 ita
2067 2629 2137 2677 ut
2170 2610 2553 2677 continuatis

617 2699 952 2844 deipenniis
980 2698 1058 2761 ad
1079 2694 1273 2759 finem
1302 2714 1502 2780 usque
1527 2696 1695 2760 vitae
1723 2697 1791 2759 in
1824 2717 2062 2759 summa
2083 2694 2399 2783 potestate
2420 2712 2557 2778 per-

620 2783 676 2845 si
730 2794 891 2845 eret.
1489 2795 1499 2805 ·
1894 2793 1900 2798 ·

284 2905 515 2965 mures
527 2909 592 2965 ab
738 2905 868 2968 cn.
915 2867 1185 2966 Senatus
1216 2914 1450 2974 tamen,
1493 2902 1669 2986 quasi
1696 2902 1975 2983 adjicere
1998 2899 2246 2987 aliquid
2267 2898 2558 2961 fortunae

249 2992 437 3032 ‘mm‘
471 2979 562 3031 δ’·
620 2986 758 3068 ejus
804 2985 1045 3071 poss'et,
1087 2984 1207 3062 jam
1246 2981 1383 3067 post
1427 2986 1778 3047 orationem
1826 2986 1903 3046 ab
1937 3005 2016 3047 eo
2045 2984 2322 3047 habitam
2352 3021 2372 3053 ,
2422 2997 2559 3061 pro·

227 3060 558 3120 “snm'wr‘
617 3069 922 3153 mitraque
951 3066 1033 3128 de
1069 3067 1424 3149 provinciis
1459 3065 1829 3128 dividundis
1859 3067 2040 3140 facta,
2087 3067 2326 3128 multos
2367 3063 2430 3121 ei
2453 3059 2559 3119 ho-

615 3169 814 3213 nores
854 3149 1269 3220 decreverat:
1332 3149 1397 3207 in
1438 3150 1579 3231 quis
1612 3148 1877 3210 maxime
1920 3150 2245 3230 insignes,
2277 3155 2281 3164 '
2312 3158 2387 3208 ut
2434 3157 2561 3207 ante

621 3232 869 3291 domum
901 3226 1034 3304 ejus
1075 3231 1141 3285 in
1180 3226 1435 3286 Palatio
1480 3227 1680 3295 lauri,
1733 3248 2021 3301 quer-nom
2053 3246 2347 3285 eoronam
2396 3228 2559 3280 susti·

621 3309 863 3367 nentes,
899 3306 1340 3361 statuerentur,
1378 3317 1592 3373 eaeque
1629 3301 1947 3370 quotannis
1979 3306 2119 3355 ante
2142 3298 2307 3353 diem
2353 3292 2558 3351 Kolen-

622 3371 736 3428 dos
769 3370 1045 3427 Martios
1077 3378 1546 3432 renovarentur,
1596 3388 1707 3443 quo
1741 3363 1923 3423 simul
1967 3376 2022 3423 et
2052 3370 2116 3424 in
2152 3366 2362 3422 hostes
2393 3367 2559 3420 victo·

621 3442 790 3506 riae,
851 3445 912 3496 et
951 3440 1016 3494 in
1062 3438 1218 3500 cives
1273 3435 1627 3501 clementia,
1681 3437 2207 3510 significarentur.
2282 3434 2558 3514 Eiusque

622 3518 726 3581 rei
755 3519 1121 3579 memoriam
1158 3529 1514 3600 temporum
1552 3535 1770 3578 eorum
1806 3516 2131 3576 triumviri
2156 3535 2319 3577 auro
2344 3534 2560 3597 argen-

623 3613 694 3660 to
732 3600 867 3661 aeri
896 3597 1109 3661 flando
1141 3597 1443 3659 feriando
1490 3611 1612 3658 tam
1663 3596 2022 3657 diuturnam
2071 3594 2458 3668 effecerunt,
2502 3605 2561 3654 ut

623 3679 949 3767 hodieque
1000 3692 1372 3766 spectentur
1419 3678 1696 3754 nummi,
1745 3696 2050 3764 quer-nam
2086 3698 2395 3822 coronarii
2434 3694 2561 3754 cum

693 3803 700 3810 ·
1553 3799 1561 3804 —
2382 3781 2488 3821 au-

692 3945 776 4001 Ga
822 3983 839 3999 .
871 3946 949 4002 C.
974 3946 1102 4002 Liv.
1125 3949 1212 4014 ⁴2,
1249 3966 1298 4004 ι.
1335 3948 1580 4004 sueton.
1602 3947 1699 4003 Au
1741 3987 1756 4002 .
1819 3950 1871 4007 6.
1908 3949 2043 4004 Lam
2091 3943 2206 4002 rid.
2238 3889 2407 4000 {Alex
2442 3944 2562 3999 θον.

622 4017 711 4099 42.
823 4016 897 4068 ic.
933 4015 993 4069 in
1022 4016 1140 4097 Pis.
1168 4017 1257 4073 35.
1294 4018 1463 4098 Dio„
1513 4018 1660 4092 Cap.
1695 3949 1817 4078 gl?-
1867 4019 2000 4076 Val.
2097 4034 2186 4075 ax.
2220 4033 2286 4087 τι,
2318 4017 2377 4073 8.
2438 4011 2559 4070 Dio.

620 4078 788 4160 Pngb.
820 4082 973 4140 Anu.
1010 4084 1160 4142 Phn.
1197 4089 1282 4155 ιθ,
1307 4091 1364 4155 4.
1399 4086 1577 4170 Psgli..
2032 4137 2039 4142 .
