<?xml version="1.0" encoding="UTF-8"?>
<!DOCTYPE html PUBLIC "-//W3C//DTD XHTML 1.0 Transitional//EN"
    "http://www.w3.org/TR/xhtml1/DTD/xhtml1-transitional.dtd">
<html xmlns="http://www.w3.org/1999/xhtml" xml:lang="en" lang="en">
 <head>
  <title>
</title>
<meta http-equiv="Content-Type" content="text/html;charset=utf-8" />
  <meta name='ocr-system' content='tesseract 3.04.00' />
  <meta name='ocr-capabilities' content='ocr_page ocr_carea ocr_par ocr_line ocrx_word'/>
</head>
<body>
  <div class='ocr_page' id='page_1' title='image "./tliviipatavinih18unkngoog_0754.png"; bbox 0 0 2675 4642; ppageno 0'>
   <div class='ocr_carea' id='block_1_1' title="bbox 495 138 2417 299">
    <p class='ocr_par' dir='ltr' id='par_1_1' title="bbox 495 138 2417 299">
     <span class='ocr_line' id='line_1_1' title="bbox 495 138 2417 299; baseline 0.006 -25"><span class='ocrx_word' id='word_1_1' title='bbox 495 184 502 197; x_wconf 84' lang='lat'><strong><em>&#39;</em></strong></span> <span class='ocrx_word' id='word_1_2' title='bbox 581 208 703 299; x_wconf 78' lang='lat'><strong>73⁰</strong></span> <span class='ocrx_word' id='word_1_3' title='bbox 807 138 2093 278; x_wconf 65' lang='lat' dir='ltr'><strong>rnn‘msn.sn1›121,nm·ronum</strong></span> <span class='ocrx_word' id='word_1_4' title='bbox 2122 215 2277 279; x_wconf 72' lang='lat' dir='ltr'><strong>Lm.</strong></span> <span class='ocrx_word' id='word_1_5' title='bbox 2312 218 2417 286; x_wconf 75' lang='lat' dir='ltr'><strong>m.</strong></span> 
     </span>
    </p>
   </div>
   <div class='ocr_carea' id='block_1_2' title="bbox 240 418 548 549">
    <p class='ocr_par' dir='ltr' id='par_1_2' title="bbox 240 418 548 549">
     <span class='ocr_line' id='line_1_2' title="bbox 247 418 548 490; baseline 0.017 -16"><span class='ocrx_word' id='word_1_6' title='bbox 247 418 315 475; x_wconf 78' lang='lat' dir='ltr'><strong>U.</strong></span> <span class='ocrx_word' id='word_1_7' title='bbox 345 436 399 477; x_wconf 73' lang='grc' dir='ltr'><strong>ο.</strong></span> <span class='ocrx_word' id='word_1_8' title='bbox 423 421 548 490; x_wconf 66' lang='lat'><strong>932.</strong></span> 
     </span>
     <span class='ocr_line' id='line_1_3' title="bbox 240 491 524 549; baseline 0.004 -4"><span class='ocrx_word' id='word_1_9' title='bbox 240 492 313 545; x_wconf 67' lang='lat' dir='ltr'><strong>A.</strong></span> <span class='ocrx_word' id='word_1_10' title='bbox 336 491 406 549; x_wconf 80' lang='lat' dir='ltr'><strong>C.</strong></span> <span class='ocrx_word' id='word_1_11' title='bbox 434 508 524 547; x_wconf 73' lang='lat' dir='ltr'><strong>so.</strong></span> 
     </span>
    </p>
   </div>
   <div class='ocr_carea' id='block_1_3' title="bbox 580 422 2595 835">
    <p class='ocr_par' dir='ltr' id='par_1_3' title="bbox 580 422 2595 835">
     <span class='ocr_line' id='line_1_4' title="bbox 584 422 2595 510; baseline 0.001 -25"><span class='ocrx_word' id='word_1_12' title='bbox 584 424 689 486; x_wconf 90' lang='lat' dir='ltr'><strong>nia</strong></span> <span class='ocrx_word' id='word_1_13' title='bbox 725 423 1202 508; x_wconf 81' lang='lat' dir='ltr'><strong>complectenti.</strong></span> <span class='ocrx_word' id='word_1_14' title='bbox 1286 423 1410 483; x_wconf 88' lang='lat' dir='ltr'><strong>His</strong></span> <span class='ocrx_word' id='word_1_15' title='bbox 1464 422 1656 483; x_wconf 89' lang='lat' dir='ltr'><strong>etiam</strong></span> <span class='ocrx_word' id='word_1_16' title='bbox 1707 422 1911 495; x_wconf 88' lang='lat' dir='ltr'><strong>locis,</strong></span> <span class='ocrx_word' id='word_1_17' title='bbox 1955 437 2027 484; x_wconf 91' lang='lat' dir='ltr'><strong>ut</strong></span> <span class='ocrx_word' id='word_1_18' title='bbox 2068 425 2289 486; x_wconf 88' lang='lat' dir='ltr'><strong>meriti</strong></span> <span class='ocrx_word' id='word_1_19' title='bbox 2329 427 2595 510; x_wconf 74' lang='lat' dir='ltr'><strong>quique</strong></span> 
     </span>
     <span class='ocr_line' id='line_1_5' title="bbox 583 502 2591 586; baseline 0 -17"><span class='ocrx_word' id='word_1_20' title='bbox 583 506 1010 579; x_wconf 82' lang='lat' dir='ltr'><strong>videbantur,</strong></span> <span class='ocrx_word' id='word_1_21' title='bbox 1054 505 1158 569; x_wconf 87' lang='lat' dir='ltr'><strong>his</strong></span> <span class='ocrx_word' id='word_1_22' title='bbox 1196 502 1513 566; x_wconf 86' lang='lat' dir='ltr'><strong>beneficia</strong></span> <span class='ocrx_word' id='word_1_23' title='bbox 1553 503 1734 565; x_wconf 80' lang='lat' dir='ltr'><strong>dedit</strong></span> <span class='ocrx_word' id='word_1_24' title='bbox 1758 546 1777 576; x_wconf 89' lang='lat'>,</span> <span class='ocrx_word' id='word_1_25' title='bbox 1842 505 1986 565; x_wconf 84' lang='lat' dir='ltr'><strong>aliis</strong></span> <span class='ocrx_word' id='word_1_26' title='bbox 2023 504 2301 586; x_wconf 82' lang='lat' dir='ltr'><strong>injunxit</strong></span> <span class='ocrx_word' id='word_1_27' title='bbox 2334 509 2591 586; x_wconf 87' lang='lat' dir='ltr'><strong>majora</strong></span> 
     </span>
     <span class='ocr_line' id='line_1_6' title="bbox 581 586 2588 672; baseline 0.002 -25"><span class='ocrx_word' id='word_1_28' title='bbox 581 588 919 672; x_wconf 84' lang='lat' dir='ltr'><strong>prioribus</strong></span> <span class='ocrx_word' id='word_1_29' title='bbox 987 607 1207 649; x_wconf 86' lang='lat' dir='ltr'><strong>onera.</strong></span> <span class='ocrx_word' id='word_1_30' title='bbox 1294 586 1658 646; x_wconf 80' lang='lat' dir='ltr'><strong>Trallianos</strong></span> <span class='ocrx_word' id='word_1_31' title='bbox 1683 628 1701 659; x_wconf 93' lang='lat'>‚</span> <span class='ocrx_word' id='word_1_32' title='bbox 1770 599 1988 647; x_wconf 87' lang='lat' dir='ltr'><strong>terrae</strong></span> <span class='ocrx_word' id='word_1_33' title='bbox 2050 600 2231 652; x_wconf 82' lang='lat' dir='ltr'><strong>motu</strong></span> <span class='ocrx_word' id='word_1_34' title='bbox 2286 590 2588 670; x_wconf 82' lang='lat' dir='ltr'><strong>graviter</strong></span> 
     </span>
     <span class='ocr_line' id='line_1_7' title="bbox 582 666 2584 751; baseline 0 -21"><span class='ocrx_word' id='word_1_35' title='bbox 582 667 918 742; x_wconf 87' lang='lat' dir='ltr'><strong>adflictos,</strong></span> <span class='ocrx_word' id='word_1_36' title='bbox 968 668 1296 751; x_wconf 85' lang='lat' dir='ltr'><strong>gymnasio</strong></span> <span class='ocrx_word' id='word_1_37' title='bbox 1342 666 1632 750; x_wconf 83' lang='lat' dir='ltr'><strong>partibus</strong></span> <span class='ocrx_word' id='word_1_38' title='bbox 1681 685 1766 727; x_wconf 85' lang='lat' dir='ltr'><strong>ue</strong></span> <span class='ocrx_word' id='word_1_39' title='bbox 1808 667 1951 728; x_wconf 90' lang='lat' dir='ltr'><strong>aliis</strong></span> <span class='ocrx_word' id='word_1_40' title='bbox 1984 688 2057 729; x_wconf 81' lang='lat' dir='ltr'><strong>ea</strong></span> <span class='ocrx_word' id='word_1_41' title='bbox 2145 667 2272 731; x_wconf 87' lang='lat' dir='ltr'><strong>este</strong></span> <span class='ocrx_word' id='word_1_42' title='bbox 2313 669 2584 744; x_wconf 82' lang='lat' dir='ltr'><strong>dirutis,</strong></span> 
     </span>
     <span class='ocr_line' id='line_1_8' title="bbox 580 692 2580 835; baseline 0.002 -23"><span class='ocrx_word' id='word_1_43' title='bbox 580 751 855 835; x_wconf 89' lang='lat' dir='ltr'><strong>pecunia</strong></span> <span class='ocrx_word' id='word_1_44' title='bbox 907 750 1105 828; x_wconf 77' lang='lat' dir='ltr'><strong>juvit:</strong></span> <span class='ocrx_word' id='word_1_45' title='bbox 1170 749 1461 832; x_wconf 82' lang='lat' dir='ltr'><strong>itemque</strong></span> <span class='ocrx_word' id='word_1_46' title='bbox 1513 750 1647 809; x_wconf 87' lang='lat' dir='ltr'><strong>Lao</strong></span> <span class='ocrx_word' id='word_1_47' title='bbox 1699 749 1923 810; x_wconf 84' lang='lat' dir='ltr'><strong>icenos</strong></span> <span class='ocrx_word' id='word_1_48' title='bbox 1977 770 2015 809; x_wconf 91' lang='lat' dir='ltr'><strong>e</strong></span> <span class='ocrx_word' id='word_1_49' title='bbox 2049 692 2371 833; x_wconf 51' lang='lat' dir='ltr'><strong>Pssrygia:</strong></span> <span class='ocrx_word' id='word_1_50' title='bbox 2448 773 2580 835; x_wconf 88' lang='lat' dir='ltr'><strong>pro</strong></span> 
     </span>
    </p>
   </div>
   <div class='ocr_carea' id='block_1_4' title="bbox 563 829 2585 974">
    <p class='ocr_par' dir='ltr' id='par_1_4' title="bbox 563 829 2585 974">
     <span class='ocr_line' id='line_1_9' title="bbox 563 829 2585 974; baseline 0.001 -83"><span class='ocrx_word' id='word_1_51' title='bbox 563 833 819 974; x_wconf 16' lang='lat' dir='ltr'><strong>‘quibus</strong></span> <span class='ocrx_word' id='word_1_52' title='bbox 850 830 1390 913; x_wconf 87' lang='lat' dir='ltr'><strong>Thyatirenisque</strong></span> <span class='ocrx_word' id='word_1_53' title='bbox 1431 844 1496 891; x_wconf 93' lang='lat' dir='ltr'><strong>et</strong></span> <span class='ocrx_word' id='word_1_54' title='bbox 1537 829 1716 892; x_wconf 84' lang='lat' dir='ltr'>Chiis</span> <span class='ocrx_word' id='word_1_55' title='bbox 1759 843 2047 892; x_wconf 87' lang='lat' dir='ltr'><strong>senatum</strong></span> <span class='ocrx_word' id='word_1_56' title='bbox 2084 832 2401 894; x_wconf 86' lang='lat' dir='ltr'><strong>Tiberius</strong></span> <span class='ocrx_word' id='word_1_57' title='bbox 2438 847 2585 894; x_wconf 89' lang='lat' dir='ltr'><strong>erat</strong></span> 
     </span>
    </p>
   </div>
   <div class='ocr_carea' id='block_1_5' title="bbox 247 1149 558 1248">
    <p class='ocr_par' dir='ltr' id='par_1_5' title="bbox 247 1149 558 1248">
     <span class='ocr_line' id='line_1_10' title="bbox 247 1149 558 1248; baseline -0.013 0"><span class='ocrx_word' id='word_1_58' title='bbox 247 1149 558 1248; x_wconf 36' lang='lat' dir='ltr'><strong>furatam*</strong></span> 
     </span>
    </p>
   </div>
   <div class='ocr_carea' id='block_1_6' title="bbox 214 1263 561 1389">
    <p class='ocr_par' dir='ltr' id='par_1_6' title="bbox 214 1263 561 1389">
     <span class='ocr_line' id='line_1_11' title="bbox 215 1263 561 1334; baseline -0.017 -16"><span class='ocrx_word' id='word_1_59' title='bbox 215 1263 561 1334; x_wconf 76' lang='lat' dir='ltr'><strong>signaRoma-</strong></span> 
     </span>
     <span class='ocr_line' id='line_1_12' title="bbox 214 1333 557 1389; baseline -0.017 1"><span class='ocrx_word' id='word_1_60' title='bbox 214 1350 287 1389; x_wconf 66' lang='lat' dir='ltr'><strong>aa</strong></span> <span class='ocrx_word' id='word_1_61' title='bbox 304 1333 557 1389; x_wconf 70' lang='lat' dir='ltr'><strong>remittit.</strong></span> 
     </span>
    </p>
   </div>
   <div class='ocr_carea' id='block_1_7' title="bbox 585 908 2599 1158">
    <p class='ocr_par' dir='ltr' id='par_1_7' title="bbox 585 908 2599 1158">
     <span class='ocr_line' id='line_1_13' title="bbox 632 908 2581 997; baseline 0.001 -23"><span class='ocrx_word' id='word_1_62' title='bbox 632 927 992 997; x_wconf 89' lang='lat' dir='ltr'><strong>eprecatus.</strong></span> <span class='ocrx_word' id='word_1_63' title='bbox 1081 908 1320 973; x_wconf 80' lang='lat' dir='ltr'><strong>Contra</strong></span> <span class='ocrx_word' id='word_1_64' title='bbox 1374 911 1711 992; x_wconf 82' lang='lat' dir='ltr'><strong>Cyzicenis</strong></span> <span class='ocrx_word' id='word_1_65' title='bbox 1760 912 2106 997; x_wconf 77' lang='lat' dir='ltr'><strong>Tyriisque</strong></span> <span class='ocrx_word' id='word_1_66' title='bbox 2158 933 2235 974; x_wconf 84' lang='lat' dir='ltr'><strong>ac</strong></span> <span class='ocrx_word' id='word_1_67' title='bbox 2282 914 2581 976; x_wconf 83' lang='lat' dir='ltr'><strong>Sidoniis</strong></span> 
     </span>
     <span class='ocr_line' id='line_1_14' title="bbox 585 993 2585 1078; baseline 0 -22"><span class='ocrx_word' id='word_1_68' title='bbox 585 995 878 1078; x_wconf 88' lang='lat' dir='ltr'><strong>adempta</strong></span> <span class='ocrx_word' id='word_1_69' title='bbox 912 995 1223 1054; x_wconf 87' lang='lat' dir='ltr'><strong>libertas:</strong></span> <span class='ocrx_word' id='word_1_70' title='bbox 1271 993 1376 1054; x_wconf 90' lang='lat' dir='ltr'><strong>his</strong></span> <span class='ocrx_word' id='word_1_71' title='bbox 1422 993 1503 1054; x_wconf 90' lang='lat' dir='ltr'><strong>ob</strong></span> <span class='ocrx_word' id='word_1_72' title='bbox 1556 993 1891 1055; x_wconf 89' lang='lat' dir='ltr'><strong>continuas</strong></span> <span class='ocrx_word' id='word_1_73' title='bbox 1939 995 2344 1058; x_wconf 82' lang='lat' dir='ltr'><strong>seditiones:</strong></span> <span class='ocrx_word' id='word_1_74' title='bbox 2392 997 2585 1077; x_wconf 85' lang='lat' dir='ltr'><strong>Cyzi-</strong></span> 
     </span>
     <span class='ocr_line' id='line_1_15' title="bbox 588 1072 2599 1158; baseline -0.002 -18"><span class='ocrx_word' id='word_1_75' title='bbox 588 1078 735 1140; x_wconf 85' lang='lat' dir='ltr'><strong>ceni</strong></span> <span class='ocrx_word' id='word_1_76' title='bbox 782 1076 958 1139; x_wconf 84' lang='lat' dir='ltr'><strong>cives</strong></span> <span class='ocrx_word' id='word_1_77' title='bbox 1003 1078 1328 1136; x_wconf 84' lang='lat' dir='ltr'><strong>Romanos</strong></span> <span class='ocrx_word' id='word_1_78' title='bbox 1372 1072 1597 1158; x_wconf 81' lang='lat' dir='ltr'><strong>flagris</strong></span> <span class='ocrx_word' id='word_1_79' title='bbox 1633 1074 2028 1137; x_wconf 80' lang='lat' dir='ltr'><strong>ceciderant.</strong></span> <span class='ocrx_word' id='word_1_80' title='bbox 2592 1104 2599 1113; x_wconf 91' lang='lat'><em>·</em></span> 
     </span>
    </p>
   </div>
   <div class='ocr_carea' id='block_1_8' title="bbox 583 1179 2584 1840">
    <p class='ocr_par' dir='ltr' id='par_1_8' title="bbox 583 1179 2584 1840">
     <span class='ocr_line' id='line_1_16' title="bbox 708 1179 2584 1266; baseline -0.001 -21"><span class='ocrx_word' id='word_1_81' title='bbox 708 1185 909 1245; x_wconf 79' lang='lat' dir='ltr'><strong>xxn.</strong></span> <span class='ocrx_word' id='word_1_82' title='bbox 951 1181 1293 1242; x_wconf 85' lang='lat' dir='ltr'><strong>Profectio</strong></span> <span class='ocrx_word' id='word_1_83' title='bbox 1320 1179 1617 1243; x_wconf 83' lang='lat' dir='ltr'><strong>Caesaris</strong></span> <span class='ocrx_word' id='word_1_84' title='bbox 1643 1179 1721 1263; x_wconf 70' lang='lat' dir='ltr'><strong>ad</strong></span> <span class='ocrx_word' id='word_1_85' title='bbox 1746 1199 1861 1241; x_wconf 86' lang='lat' dir='ltr'><strong>eos</strong></span> <span class='ocrx_word' id='word_1_86' title='bbox 1887 1181 2145 1266; x_wconf 90' lang='lat' dir='ltr'><strong>imperii</strong></span> <span class='ocrx_word' id='word_1_87' title='bbox 2169 1181 2342 1244; x_wconf 87' lang='lat' dir='ltr'><strong>fines</strong></span> <span class='ocrx_word' id='word_1_88' title='bbox 2372 1183 2584 1245; x_wconf 86' lang='lat' dir='ltr'><strong>Phra-</strong></span> 
     </span>
     <span class='ocr_line' id='line_1_17' title="bbox 585 1261 2581 1363; baseline 0.002 -37"><span class='ocrx_word' id='word_1_89' title='bbox 585 1264 719 1328; x_wconf 87' lang='lat' dir='ltr'><strong>hati</strong></span> <span class='ocrx_word' id='word_1_90' title='bbox 753 1263 1190 1349; x_wconf 87' lang='lat' dir='ltr'><strong>suspicionem</strong></span> <span class='ocrx_word' id='word_1_91' title='bbox 1224 1261 1538 1343; x_wconf 82' lang='lat' dir='ltr'><strong>injecerat</strong></span> <span class='ocrx_word' id='word_1_92' title='bbox 1563 1304 1579 1333; x_wconf 91' lang='lat'>‚</span> <span class='ocrx_word' id='word_1_93' title='bbox 1622 1281 1707 1324; x_wconf 90' lang='lat' dir='ltr'><strong>ne</strong></span> <span class='ocrx_word' id='word_1_94' title='bbox 1740 1277 2011 1346; x_wconf 87' lang='lat' dir='ltr'><strong>propter</strong></span> <span class='ocrx_word' id='word_1_95' title='bbox 2049 1268 2352 1363; x_wconf 76' lang='lat' dir='ltr'><strong>neglecta</strong></span> <span class='ocrx_word' id='word_1_96' title='bbox 2390 1282 2581 1349; x_wconf 87' lang='lat' dir='ltr'><strong>pacta</strong></span> 
     </span>
     <span class='ocr_line' id='line_1_18' title="bbox 584 1343 2579 1431; baseline 0.001 -23"><span class='ocrx_word' id='word_1_97' title='bbox 584 1348 762 1410; x_wconf 88' lang='lat' dir='ltr'><strong>bello</strong></span> <span class='ocrx_word' id='word_1_98' title='bbox 799 1360 1156 1431; x_wconf 86' lang='lat' dir='ltr'><strong>peteretur.</strong></span> <span class='ocrx_word' id='word_1_99' title='bbox 1222 1346 1429 1428; x_wconf 81' lang='lat' dir='ltr'><strong>Igitur</strong></span> <span class='ocrx_word' id='word_1_100' title='bbox 1465 1343 1710 1427; x_wconf 87' lang='lat' dir='ltr'><strong>aquilas</strong></span> <span class='ocrx_word' id='word_1_101' title='bbox 1750 1357 1816 1405; x_wconf 91' lang='lat' dir='ltr'><strong>et</strong></span> <span class='ocrx_word' id='word_1_102' title='bbox 1860 1345 2040 1428; x_wconf 81' lang='lat' dir='ltr'><strong>signa</strong></span> <span class='ocrx_word' id='word_1_103' title='bbox 2073 1347 2425 1419; x_wconf 82' lang='lat' dir='ltr'><strong>militaria,</strong></span> <span class='ocrx_word' id='word_1_104' title='bbox 2474 1370 2579 1410; x_wconf 87' lang='lat' dir='ltr'><strong>ca-</strong></span> 
     </span>
     <span class='ocr_line' id='line_1_19' title="bbox 584 1425 2577 1513; baseline 0.001 -23"><span class='ocrx_word' id='word_1_105' title='bbox 584 1430 977 1513; x_wconf 83' lang='lat' dir='ltr'><strong>ptivosque,</strong></span> <span class='ocrx_word' id='word_1_106' title='bbox 1041 1441 1305 1511; x_wconf 79' lang='lat' dir='ltr'><strong>praeter</strong></span> <span class='ocrx_word' id='word_1_107' title='bbox 1350 1445 1631 1510; x_wconf 85' lang='lat' dir='ltr'><strong>paucos,</strong></span> <span class='ocrx_word' id='word_1_108' title='bbox 1714 1425 1824 1509; x_wconf 90' lang='lat' dir='ltr'><strong>qui</strong></span> <span class='ocrx_word' id='word_1_109' title='bbox 1900 1427 2104 1490; x_wconf 89' lang='lat' dir='ltr'><strong>udore</strong></span> <span class='ocrx_word' id='word_1_110' title='bbox 2149 1429 2280 1490; x_wconf 87' lang='lat' dir='ltr'><strong>sibi</strong></span> <span class='ocrx_word' id='word_1_111' title='bbox 2318 1432 2577 1491; x_wconf 89' lang='lat' dir='ltr'><strong>consci-</strong></span> 
     </span>
     <span class='ocr_line' id='line_1_20' title="bbox 584 1506 2574 1591; baseline -0.001 -16"><span class='ocrx_word' id='word_1_112' title='bbox 584 1524 815 1575; x_wconf 82' lang='lat' dir='ltr'><strong>verant</strong></span> <span class='ocrx_word' id='word_1_113' title='bbox 851 1529 1101 1582; x_wconf 88' lang='lat' dir='ltr'><strong>necem,</strong></span> <span class='ocrx_word' id='word_1_114' title='bbox 1156 1523 1262 1570; x_wconf 87' lang='lat' dir='ltr'><strong>aut</strong></span> <span class='ocrx_word' id='word_1_115' title='bbox 1306 1507 1373 1570; x_wconf 88' lang='lat' dir='ltr'><strong>in</strong></span> <span class='ocrx_word' id='word_1_116' title='bbox 1392 1506 1653 1569; x_wconf 87' lang='lat' dir='ltr'><strong>Parthis</strong></span> <span class='ocrx_word' id='word_1_117' title='bbox 1685 1508 1810 1570; x_wconf 89' lang='lat' dir='ltr'><strong>alic</strong></span> <span class='ocrx_word' id='word_1_118' title='bbox 1903 1509 1924 1567; x_wconf 92' lang='lat' dir='ltr'><strong>i</strong></span> <span class='ocrx_word' id='word_1_119' title='bbox 1960 1530 2028 1570; x_wconf 92' lang='lat' dir='ltr'><strong>se</strong></span> <span class='ocrx_word' id='word_1_120' title='bbox 2061 1511 2574 1591; x_wconf 77' lang='lat' dir='ltr'><strong>occultaverant,</strong></span> 
     </span>
     <span class='ocr_line' id='line_1_21' title="bbox 585 1588 2571 1673; baseline -0.001 -19"><span class='ocrx_word' id='word_1_121' title='bbox 585 1592 666 1654; x_wconf 86' lang='lat' dir='ltr'><strong>ad</strong></span> <span class='ocrx_word' id='word_1_122' title='bbox 704 1591 1044 1655; x_wconf 87' lang='lat' dir='ltr'><strong>Tiberium</strong></span> <span class='ocrx_word' id='word_1_123' title='bbox 1099 1590 1373 1652; x_wconf 88' lang='lat' dir='ltr'><strong>remisit.</strong></span> <span class='ocrx_word' id='word_1_124' title='bbox 1456 1589 1667 1670; x_wconf 80' lang='lat' dir='ltr'><strong>Major</strong></span> <span class='ocrx_word' id='word_1_125' title='bbox 1709 1611 1783 1652; x_wconf 90' lang='lat' dir='ltr'><strong>ea</strong></span> <span class='ocrx_word' id='word_1_126' title='bbox 1825 1588 2067 1653; x_wconf 82' lang='lat' dir='ltr'><strong>laetitia</strong></span> <span class='ocrx_word' id='word_1_127' title='bbox 2100 1589 2392 1673; x_wconf 84' lang='lat' dir='ltr'><strong>Augusto</strong></span> <span class='ocrx_word' id='word_1_128' title='bbox 2425 1593 2571 1666; x_wconf 81' lang='lat' dir='ltr'><strong>fuit,</strong></span> 
     </span>
     <span class='ocr_line' id='line_1_22' title="bbox 583 1673 2571 1744; baseline -0.001 -8"><span class='ocrx_word' id='word_1_129' title='bbox 583 1694 695 1736; x_wconf 83' lang='lat' dir='ltr'><strong>res</strong></span> <span class='ocrx_word' id='word_1_130' title='bbox 745 1674 899 1735; x_wconf 89' lang='lat' dir='ltr'><strong>olim</strong></span> <span class='ocrx_word' id='word_1_131' title='bbox 949 1673 1232 1744; x_wconf 81' lang='lat' dir='ltr'><strong>amiffas,</strong></span> <span class='ocrx_word' id='word_1_132' title='bbox 1298 1673 1461 1733; x_wconf 85' lang='lat' dir='ltr'><strong>citra</strong></span> <span class='ocrx_word' id='word_1_133' title='bbox 1521 1685 1884 1743; x_wconf 86' lang='lat' dir='ltr'><strong>certamen,</strong></span> <span class='ocrx_word' id='word_1_134' title='bbox 1954 1674 2088 1733; x_wconf 88' lang='lat' dir='ltr'><strong>sola</strong></span> <span class='ocrx_word' id='word_1_135' title='bbox 2135 1673 2426 1734; x_wconf 88' lang='lat' dir='ltr'><strong>nominis</strong></span> <span class='ocrx_word' id='word_1_136' title='bbox 2473 1675 2571 1735; x_wconf 86' lang='lat' dir='ltr'><strong>sui</strong></span> 
     </span>
     <span class='ocr_line' id='line_1_23' title="bbox 584 1753 2569 1840; baseline 0.001 -24"><span class='ocrx_word' id='word_1_137' title='bbox 584 1754 1025 1840; x_wconf 82' lang='lat' dir='ltr'><strong>magnitudine</strong></span> <span class='ocrx_word' id='word_1_138' title='bbox 1068 1754 1462 1837; x_wconf 86' lang='lat' dir='ltr'><strong>recipienti,</strong></span> <span class='ocrx_word' id='word_1_139' title='bbox 1535 1775 1721 1837; x_wconf 90' lang='lat' dir='ltr'><strong>quam</strong></span> <span class='ocrx_word' id='word_1_140' title='bbox 1766 1754 1822 1814; x_wconf 89' lang='lat' dir='ltr'><strong>si</strong></span> <span class='ocrx_word' id='word_1_141' title='bbox 1867 1753 2041 1813; x_wconf 87' lang='lat' dir='ltr'><strong>hello</strong></span> <span class='ocrx_word' id='word_1_142' title='bbox 2084 1754 2423 1815; x_wconf 88' lang='lat' dir='ltr'><strong>Parthiam</strong></span> <span class='ocrx_word' id='word_1_143' title='bbox 2469 1779 2569 1817; x_wconf 90' lang='lat' dir='ltr'><strong>su-</strong></span> 
     </span>
    </p>
   </div>
   <div class='ocr_carea' id='block_1_9' title="bbox 477 1830 2567 1923">
    <p class='ocr_par' dir='ltr' id='par_1_9' title="bbox 477 1830 2567 1923">
     <span class='ocr_line' id='line_1_24' title="bbox 477 1830 2567 1923; baseline -0.001 -24"><span class='ocrx_word' id='word_1_144' title='bbox 477 1830 485 1836; x_wconf 70' lang='grc'><strong>’</strong></span> <span class='ocrx_word' id='word_1_145' title='bbox 581 1838 879 1923; x_wconf 82' lang='lat' dir='ltr'><strong>peraffet.</strong></span> <span class='ocrx_word' id='word_1_146' title='bbox 966 1837 1240 1896; x_wconf 88' lang='lat' dir='ltr'><strong>Auctum</strong></span> <span class='ocrx_word' id='word_1_147' title='bbox 1281 1834 1436 1895; x_wconf 87' lang='lat' dir='ltr'><strong>dein</strong></span> <span class='ocrx_word' id='word_1_148' title='bbox 1472 1834 1708 1908; x_wconf 87' lang='lat' dir='ltr'><strong>decus,</strong></span> <span class='ocrx_word' id='word_1_149' title='bbox 1753 1836 1926 1896; x_wconf 90' lang='lat' dir='ltr'><strong>ultro</strong></span> <span class='ocrx_word' id='word_1_150' title='bbox 1964 1832 2137 1897; x_wconf 89' lang='lat' dir='ltr'><strong>filios</strong></span> <span class='ocrx_word' id='word_1_151' title='bbox 2174 1856 2338 1896; x_wconf 89' lang='lat' dir='ltr'><strong>suos</strong></span> <span class='ocrx_word' id='word_1_152' title='bbox 2375 1857 2567 1921; x_wconf 89' lang='lat' dir='ltr'><strong>nepo-</strong></span> 
     </span>
    </p>
   </div>
   <div class='ocr_carea' id='block_1_10' title="bbox 582 1914 2562 2165">
    <p class='ocr_par' dir='ltr' id='par_1_10' title="bbox 582 1914 2562 2165">
     <span class='ocr_line' id='line_1_25' title="bbox 582 1914 2562 2003; baseline -0.001 -21"><span class='ocrx_word' id='word_1_153' title='bbox 582 1936 816 2003; x_wconf 86' lang='lat' dir='ltr'><strong>tesque</strong></span> <span class='ocrx_word' id='word_1_154' title='bbox 865 1918 1160 1987; x_wconf 80' lang='lat' dir='ltr'><strong>mittente</strong></span> <span class='ocrx_word' id='word_1_155' title='bbox 1222 1914 1501 1978; x_wconf 86' lang='lat' dir='ltr'><strong>barbaro</strong></span> <span class='ocrx_word' id='word_1_156' title='bbox 1527 1962 1543 1990; x_wconf 87' lang='lat'>‚</span> <span class='ocrx_word' id='word_1_157' title='bbox 1603 1935 1676 1977; x_wconf 89' lang='lat' dir='ltr'><strong>ac</strong></span> <span class='ocrx_word' id='word_1_158' title='bbox 1729 1916 1833 1978; x_wconf 88' lang='lat' dir='ltr'><strong>his</strong></span> <span class='ocrx_word' id='word_1_159' title='bbox 1891 1916 2232 1977; x_wconf 86' lang='lat' dir='ltr'><strong>obsidibus</strong></span> <span class='ocrx_word' id='word_1_160' title='bbox 2278 1915 2562 1980; x_wconf 85' lang='lat' dir='ltr'><strong>firmante</strong></span> 
     </span>
     <span class='ocr_line' id='line_1_26' title="bbox 587 1996 2557 2081; baseline -0.002 -18"><span class='ocrx_word' id='word_1_161' title='bbox 587 1999 909 2063; x_wconf 86' lang='lat' dir='ltr'><strong>amicitiae</strong></span> <span class='ocrx_word' id='word_1_162' title='bbox 968 1997 1183 2060; x_wconf 85' lang='lat' dir='ltr'><strong>fidem.</strong></span> <span class='ocrx_word' id='word_1_163' title='bbox 1294 1996 1546 2060; x_wconf 86' lang='lat' dir='ltr'><strong>Constat</strong></span> <span class='ocrx_word' id='word_1_164' title='bbox 1594 2011 1847 2071; x_wconf 85' lang='lat' dir='ltr'><strong>tamen,</strong></span> <span class='ocrx_word' id='word_1_165' title='bbox 1911 1998 1980 2058; x_wconf 89' lang='lat' dir='ltr'><strong>id</strong></span> <span class='ocrx_word' id='word_1_166' title='bbox 2033 2001 2242 2081; x_wconf 80' lang='lat' dir='ltr'><strong>magis</strong></span> <span class='ocrx_word' id='word_1_167' title='bbox 2313 2020 2557 2061; x_wconf 86' lang='lat' dir='ltr'><strong>suorum</strong></span> 
     </span>
     <span class='ocr_line' id='line_1_27' title="bbox 584 2080 2553 2165; baseline -0.003 -20"><span class='ocrx_word' id='word_1_168' title='bbox 584 2095 764 2145; x_wconf 91' lang='lat' dir='ltr'><strong>metu</strong></span> <span class='ocrx_word' id='word_1_169' title='bbox 794 2123 810 2154; x_wconf 91' lang='lat'>,</span> <span class='ocrx_word' id='word_1_170' title='bbox 856 2101 1043 2165; x_wconf 86' lang='lat' dir='ltr'><strong>quam</strong></span> <span class='ocrx_word' id='word_1_171' title='bbox 1080 2080 1403 2141; x_wconf 87' lang='lat' dir='ltr'><strong>Romanae</strong></span> <span class='ocrx_word' id='word_1_172' title='bbox 1448 2081 1777 2163; x_wconf 87' lang='lat' dir='ltr'><strong>potentiae</strong></span> <span class='ocrx_word' id='word_1_173' title='bbox 1805 2122 1822 2152; x_wconf 89' lang='lat'><strong>,</strong></span> <span class='ocrx_word' id='word_1_174' title='bbox 1868 2080 2128 2152; x_wconf 65' lang='lat' dir='ltr'><strong>fecisse,</strong></span> <span class='ocrx_word' id='word_1_175' title='bbox 2173 2102 2263 2142; x_wconf 88' lang='lat' dir='ltr'><strong>ne</strong></span> <span class='ocrx_word' id='word_1_176' title='bbox 2307 2080 2553 2142; x_wconf 79' lang='lat' dir='ltr'><strong>Parthis</strong></span> 
     </span>
    </p>
   </div>
   <div class='ocr_carea' id='block_1_11' title="bbox 491 2161 2560 2339">
    <p class='ocr_par' dir='ltr' id='par_1_11' title="bbox 491 2161 2560 2339">
     <span class='ocr_line' id='line_1_28' title="bbox 491 2161 2557 2245; baseline -0.001 -18"><span class='ocrx_word' id='word_1_177' title='bbox 491 2216 496 2237; x_wconf 86' lang='grc'><strong><em>,</em></strong></span> <span class='ocrx_word' id='word_1_178' title='bbox 587 2185 669 2227; x_wconf 83' lang='lat' dir='ltr'><strong>ex</strong></span> <span class='ocrx_word' id='word_1_179' title='bbox 710 2162 1167 2225; x_wconf 82' lang='lat' dir='ltr'><strong>Arsacidarum</strong></span> <span class='ocrx_word' id='word_1_180' title='bbox 1207 2161 1389 2243; x_wconf 81' lang='lat' dir='ltr'><strong>regia</strong></span> <span class='ocrx_word' id='word_1_181' title='bbox 1423 2161 1618 2245; x_wconf 81' lang='lat' dir='ltr'><strong>stirpe</strong></span> <span class='ocrx_word' id='word_1_182' title='bbox 1656 2161 1795 2240; x_wconf 90' lang='lat' dir='ltr'><strong>(cui</strong></span> <span class='ocrx_word' id='word_1_183' title='bbox 1840 2162 1952 2222; x_wconf 91' lang='lat' dir='ltr'><strong>uni</strong></span> <span class='ocrx_word' id='word_1_184' title='bbox 1990 2176 2174 2222; x_wconf 86' lang='lat' dir='ltr'><strong>erant</strong></span> <span class='ocrx_word' id='word_1_185' title='bbox 2216 2162 2557 2225; x_wconf 83' lang='lat' dir='ltr'><strong>addictiffi-</strong></span> 
     </span>
     <span class='ocr_line' id='line_1_29' title="bbox 491 2240 2560 2339; baseline -0.001 -32"><span class='ocrx_word' id='word_1_186' title='bbox 491 2240 497 2254; x_wconf 61' lang='lat'>‘</span> <span class='ocrx_word' id='word_1_187' title='bbox 586 2247 708 2325; x_wconf 87' lang='lat' dir='ltr'><strong>mi)</strong></span> <span class='ocrx_word' id='word_1_188' title='bbox 751 2252 941 2328; x_wconf 88' lang='lat' dir='ltr'><strong>quem</strong></span> <span class='ocrx_word' id='word_1_189' title='bbox 991 2264 1135 2304; x_wconf 87' lang='lat' dir='ltr'><strong>uam</strong></span> <span class='ocrx_word' id='word_1_190' title='bbox 1169 2243 1577 2326; x_wconf 83' lang='lat' dir='ltr'><strong>relinqueret</strong></span> <span class='ocrx_word' id='word_1_191' title='bbox 1607 2285 1622 2314; x_wconf 90' lang='lat'>‚</span> <span class='ocrx_word' id='word_1_192' title='bbox 1652 2263 1863 2339; x_wconf 16' lang='lat' dir='ltr'><strong>*quem</strong></span> <span class='ocrx_word' id='word_1_193' title='bbox 1897 2262 2119 2325; x_wconf 79' lang='lat' dir='ltr'><strong>regem</strong></span> <span class='ocrx_word' id='word_1_194' title='bbox 2150 2243 2472 2306; x_wconf 82' lang='lat' dir='ltr'><strong>adversus</strong></span> <span class='ocrx_word' id='word_1_195' title='bbox 2499 2264 2560 2304; x_wconf 86' lang='lat' dir='ltr'><strong>se</strong></span> 
     </span>
    </p>
   </div>
   <div class='ocr_carea' id='block_1_12' title="bbox 214 2910 2663 3088">
    <p class='ocr_par' dir='ltr' id='par_1_12' title="bbox 214 2910 2663 3088">
     <span class='ocr_line' id='line_1_30' title="bbox 248 2910 2663 3021; baseline -0.028 -17"><span class='ocrx_word' id='word_1_196' title='bbox 248 2948 447 3021; x_wconf 71' lang='lat' dir='ltr'><strong>Magna</strong></span> <span class='ocrx_word' id='word_1_197' title='bbox 461 2947 571 3003; x_wconf 73' lang='lat' dir='ltr'><strong>R..</strong></span> <span class='ocrx_word' id='word_1_198' title='bbox 716 2920 945 2985; x_wconf 80' lang='lat' dir='ltr'>XXIII.</span> <span class='ocrx_word' id='word_1_199' title='bbox 1015 2918 1195 2983; x_wconf 88' lang='lat' dir='ltr'><strong>Haec</strong></span> <span class='ocrx_word' id='word_1_200' title='bbox 1231 2916 1468 3002; x_wconf 81' lang='lat' dir='ltr'><strong>igitur,</strong></span> <span class='ocrx_word' id='word_1_201' title='bbox 1536 2916 1656 2981; x_wconf 87' lang='lat' dir='ltr'><strong>sed</strong></span> <span class='ocrx_word' id='word_1_202' title='bbox 1711 2919 1983 2982; x_wconf 80' lang='lat' dir='ltr'><strong>maxime</strong></span> <span class='ocrx_word' id='word_1_203' title='bbox 2032 2920 2217 3006; x_wconf 85' lang='lat' dir='ltr'><strong>signa</strong></span> <span class='ocrx_word' id='word_1_204' title='bbox 2258 2937 2564 3007; x_wconf 68' lang='lat' dir='ltr'><strong>recepta⁹</strong></span> <span class='ocrx_word' id='word_1_205' title='bbox 2662 2910 2663 2937; x_wconf 31' lang='grc' dir='ltr'>ξ</span> 
     </span>
     <span class='ocr_line' id='line_1_31' title="bbox 214 3000 2562 3088; baseline -0.007 -16"><span class='ocrx_word' id='word_1_206' title='bbox 214 3034 498 3072; x_wconf 62' lang='lat' dir='ltr'><strong>&gt;occursorum</strong></span> <span class='ocrx_word' id='word_1_207' title='bbox 595 3004 794 3070; x_wconf 73' lang='lat' dir='ltr'><strong>variis</strong></span> <span class='ocrx_word' id='word_1_208' title='bbox 831 3003 1116 3068; x_wconf 86' lang='lat' dir='ltr'><strong>laetitiae</strong></span> <span class='ocrx_word' id='word_1_209' title='bbox 1153 3000 1531 3065; x_wconf 84' lang='lat' dir='ltr'><strong>testimoniis</strong></span> <span class='ocrx_word' id='word_1_210' title='bbox 1571 3002 1891 3066; x_wconf 81' lang='lat' dir='ltr'><strong>celebrata</strong></span> <span class='ocrx_word' id='word_1_211' title='bbox 1913 3045 1930 3076; x_wconf 87' lang='lat'>‚</span> <span class='ocrx_word' id='word_1_212' title='bbox 1992 3004 2271 3065; x_wconf 87' lang='lat' dir='ltr'><strong>nummis</strong></span> <span class='ocrx_word' id='word_1_213' title='bbox 2308 3024 2562 3088; x_wconf 69' lang='lat' dir='ltr'><strong>quoque</strong></span> 
     </span>
    </p>
   </div>
   <div class='ocr_carea' id='block_1_13' title="bbox 224 3087 473 3142">
    <p class='ocr_par' dir='ltr' id='par_1_13' title="bbox 224 3087 473 3142">
     <span class='ocr_line' id='line_1_32' title="bbox 224 3087 473 3142; baseline 0 0"><span class='ocrx_word' id='word_1_214' title='bbox 224 3087 473 3142; x_wconf 69' lang='lat' dir='ltr'><strong>laetitia.</strong></span> 
     </span>
    </p>
   </div>
   <div class='ocr_carea' id='block_1_14' title="bbox 592 2324 2667 2878">
    <p class='ocr_par' dir='ltr' id='par_1_14' title="bbox 592 2324 2667 2878">
     <span class='ocr_line' id='line_1_33' title="bbox 592 2324 2565 2410; baseline -0.001 -21"><span class='ocrx_word' id='word_1_215' title='bbox 592 2347 816 2389; x_wconf 89' lang='lat' dir='ltr'><strong>creare</strong></span> <span class='ocrx_word' id='word_1_216' title='bbox 845 2347 931 2410; x_wconf 91' lang='lat' dir='ltr'><strong>po</strong></span> <span class='ocrx_word' id='word_1_217' title='bbox 988 2339 1116 2389; x_wconf 88' lang='lat' dir='ltr'><strong>ent.</strong></span> <span class='ocrx_word' id='word_1_218' title='bbox 1200 2324 1449 2389; x_wconf 88' lang='lat' dir='ltr'><strong>Vocato</strong></span> <span class='ocrx_word' id='word_1_219' title='bbox 1486 2325 1699 2407; x_wconf 83' lang='lat' dir='ltr'><strong>igitur·</strong></span> <span class='ocrx_word' id='word_1_220' title='bbox 1736 2346 1806 2385; x_wconf 84' lang='lat' dir='ltr'><strong>m</strong></span> <span class='ocrx_word' id='word_1_221' title='bbox 1842 2324 2240 2408; x_wconf 80' lang='lat' dir='ltr'><strong>colloquium</strong></span> <span class='ocrx_word' id='word_1_222' title='bbox 2274 2326 2565 2398; x_wconf 82' lang='lat' dir='ltr'><strong>Tiberio,</strong></span> 
     </span>
     <span class='ocr_line' id='line_1_34' title="bbox 593 2405 2563 2492; baseline -0.002 -23"><span class='ocrx_word' id='word_1_223' title='bbox 593 2410 705 2492; x_wconf 90' lang='lat' dir='ltr'><strong>qui</strong></span> <span class='ocrx_word' id='word_1_224' title='bbox 741 2423 877 2469; x_wconf 88' lang='lat' dir='ltr'><strong>tum</strong></span> <span class='ocrx_word' id='word_1_225' title='bbox 902 2408 1125 2489; x_wconf 87' lang='lat' dir='ltr'><strong>Syriae</strong></span> <span class='ocrx_word' id='word_1_226' title='bbox 1165 2418 1229 2466; x_wconf 88' lang='lat' dir='ltr'><strong>et</strong></span> <span class='ocrx_word' id='word_1_227' title='bbox 1262 2405 1629 2489; x_wconf 81' lang='lat' dir='ltr'><strong>provinciis</strong></span> <span class='ocrx_word' id='word_1_228' title='bbox 1659 2406 1932 2469; x_wconf 84' lang='lat' dir='ltr'><strong>orientis</strong></span> <span class='ocrx_word' id='word_1_229' title='bbox 1978 2422 2323 2488; x_wconf 83' lang='lat' dir='ltr'><strong>praeerat,</strong></span> <span class='ocrx_word' id='word_1_230' title='bbox 2389 2410 2563 2469; x_wconf 85' lang='lat' dir='ltr'><strong>Sara-</strong></span> 
     </span>
     <span class='ocr_line' id='line_1_35' title="bbox 595 2485 2667 2586; baseline -0 -35"><span class='ocrx_word' id='word_1_231' title='bbox 595 2489 891 2586; x_wconf 83' lang='lat' dir='ltr'><strong>spadem,</strong></span> <span class='ocrx_word' id='word_1_232' title='bbox 941 2485 1415 2571; x_wconf 84' lang='lat' dir='ltr'><strong>Cerospadem,</strong></span> <span class='ocrx_word' id='word_1_233' title='bbox 1466 2486 1892 2560; x_wconf 80' lang='lat' dir='ltr'><strong>Phrahatem‚</strong></span> <span class='ocrx_word' id='word_1_234' title='bbox 1936 2501 2000 2548; x_wconf 90' lang='lat' dir='ltr'><strong>et</strong></span> <span class='ocrx_word' id='word_1_235' title='bbox 2040 2487 2435 2563; x_wconf 83' lang='lat' dir='ltr'><strong>Vononem,</strong></span> <span class='ocrx_word' id='word_1_236' title='bbox 2478 2490 2566 2550; x_wconf 89' lang='lat' dir='ltr'><strong>le·</strong></span> <span class='ocrx_word' id='word_1_237' title='bbox 2666 2504 2667 2559; x_wconf 80' lang='lat' dir='ltr'><strong>j</strong></span> 
     </span>
     <span class='ocr_line' id='line_1_36' title="bbox 594 2566 2667 2653; baseline -0 -21"><span class='ocrx_word' id='word_1_238' title='bbox 594 2572 822 2653; x_wconf 80' lang='lat' dir='ltr'><strong>gitimo</strong></span> <span class='ocrx_word' id='word_1_239' title='bbox 856 2567 1266 2632; x_wconf 88' lang='lat' dir='ltr'><strong>matrimonio</strong></span> <span class='ocrx_word' id='word_1_240' title='bbox 1309 2569 1567 2650; x_wconf 83' lang='lat' dir='ltr'><strong>genitos</strong></span> <span class='ocrx_word' id='word_1_241' title='bbox 1592 2611 1610 2641; x_wconf 92' lang='lat'>‚</span> <span class='ocrx_word' id='word_1_242' title='bbox 1681 2589 1824 2630; x_wconf 91' lang='lat' dir='ltr'><strong>cum</strong></span> <span class='ocrx_word' id='word_1_243' title='bbox 1861 2569 2105 2630; x_wconf 84' lang='lat' dir='ltr'><strong>duabus</strong></span> <span class='ocrx_word' id='word_1_244' title='bbox 2136 2569 2380 2631; x_wconf 87' lang='lat' dir='ltr'><strong>horum</strong></span> <span class='ocrx_word' id='word_1_245' title='bbox 2418 2591 2567 2631; x_wconf 86' lang='lat' dir='ltr'><strong>uxo·</strong></span> <span class='ocrx_word' id='word_1_246' title='bbox 2666 2566 2667 2573; x_wconf 57' lang='lat'><em>&#39;</em></span> 
     </span>
     <span class='ocr_line' id='line_1_37' title="bbox 594 2649 2568 2734; baseline -0.001 -23"><span class='ocrx_word' id='word_1_247' title='bbox 594 2652 780 2713; x_wconf 88' lang='lat' dir='ltr'><strong>ribus</strong></span> <span class='ocrx_word' id='word_1_248' title='bbox 805 2696 822 2726; x_wconf 89' lang='lat'><strong>,</strong></span> <span class='ocrx_word' id='word_1_249' title='bbox 868 2649 1023 2712; x_wconf 89' lang='lat' dir='ltr'><strong>filiis</strong></span> <span class='ocrx_word' id='word_1_250' title='bbox 1056 2664 1330 2733; x_wconf 88' lang='lat' dir='ltr'><strong>quatuor</strong></span> <span class='ocrx_word' id='word_1_251' title='bbox 1350 2692 1368 2721; x_wconf 90' lang='lat'>,</span> <span class='ocrx_word' id='word_1_252' title='bbox 1413 2649 1719 2712; x_wconf 86' lang='lat' dir='ltr'><strong>tradidit:</strong></span> <span class='ocrx_word' id='word_1_253' title='bbox 1808 2672 1926 2713; x_wconf 92' lang='lat' dir='ltr'><strong>uos</strong></span> <span class='ocrx_word' id='word_1_254' title='bbox 1954 2650 2145 2734; x_wconf 79' lang='lat' dir='ltr'><strong>regio</strong></span> <span class='ocrx_word' id='word_1_255' title='bbox 2177 2652 2365 2713; x_wconf 88' lang='lat' dir='ltr'><strong>cultu</strong></span> <span class='ocrx_word' id='word_1_256' title='bbox 2392 2652 2568 2713; x_wconf 88' lang='lat' dir='ltr'><strong>dein-</strong></span> 
     </span>
     <span class='ocr_line' id='line_1_38' title="bbox 596 2729 2665 2818; baseline -0 -23"><span class='ocrx_word' id='word_1_257' title='bbox 596 2753 752 2818; x_wconf 87' lang='lat' dir='ltr'><strong>ceps</strong></span> <span class='ocrx_word' id='word_1_258' title='bbox 792 2730 1149 2817; x_wconf 79' lang='lat' dir='ltr'><strong>Augustus‚</strong></span> <span class='ocrx_word' id='word_1_259' title='bbox 1217 2745 1280 2793; x_wconf 86' lang='lat' dir='ltr'><strong>et</strong></span> <span class='ocrx_word' id='word_1_260' title='bbox 1312 2729 1452 2815; x_wconf 79' lang='lat' dir='ltr'><strong>post</strong></span> <span class='ocrx_word' id='word_1_261' title='bbox 1493 2732 1666 2794; x_wconf 88' lang='lat' dir='ltr'><strong>hunc</strong></span> <span class='ocrx_word' id='word_1_262' title='bbox 1703 2732 1783 2793; x_wconf 88' lang='lat' dir='ltr'><strong>Ti</strong></span> <span class='ocrx_word' id='word_1_263' title='bbox 1834 2733 2008 2795; x_wconf 87' lang='lat' dir='ltr'><strong>erius</strong></span> <span class='ocrx_word' id='word_1_264' title='bbox 2031 2775 2050 2806; x_wconf 87' lang='lat'><strong>,</strong></span> <span class='ocrx_word' id='word_1_265' title='bbox 2090 2734 2346 2795; x_wconf 86' lang='lat' dir='ltr'><strong>Romae</strong></span> <span class='ocrx_word' id='word_1_266' title='bbox 2379 2734 2569 2796; x_wconf 83' lang='lat' dir='ltr'><strong>habu·</strong></span> <span class='ocrx_word' id='word_1_267' title='bbox 2664 2806 2665 2809; x_wconf 7' lang='grc' dir='ltr'><strong>Ἴ</strong></span> 
     </span>
     <span class='ocr_line' id='line_1_39' title="bbox 599 2824 2019 2878; baseline -0.002 0"><span class='ocrx_word' id='word_1_268' title='bbox 599 2828 814 2878; x_wconf 84' lang='lat' dir='ltr'><strong>erunt.</strong></span> <span class='ocrx_word' id='word_1_269' title='bbox 1223 2824 1226 2829; x_wconf 58' lang='lat'><strong>⁴</strong></span> <span class='ocrx_word' id='word_1_270' title='bbox 2014 2846 2019 2851; x_wconf 96' lang='lat'>·</span> 
     </span>
    </p>
   </div>
   <div class='ocr_carea' id='block_1_15' title="bbox 594 3083 2661 3500">
    <p class='ocr_par' dir='ltr' id='par_1_15' title="bbox 594 3083 2661 3500">
     <span class='ocr_line' id='line_1_40' title="bbox 596 3083 2661 3182; baseline -0.002 -31"><span class='ocrx_word' id='word_1_271' title='bbox 596 3086 952 3151; x_wconf 74' lang='lat' dir='ltr'><strong>transmiss‘a</strong></span> <span class='ocrx_word' id='word_1_272' title='bbox 982 3085 1060 3147; x_wconf 89' lang='lat' dir='ltr'><strong>ad</strong></span> <span class='ocrx_word' id='word_1_273' title='bbox 1093 3083 1386 3168; x_wconf 83' lang='lat' dir='ltr'><strong>posteros</strong></span> <span class='ocrx_word' id='word_1_274' title='bbox 1410 3086 1757 3163; x_wconf 57' lang='lat' dir='ltr'><strong>memoria&amp;</strong></span> <span class='ocrx_word' id='word_1_275' title='bbox 1803 3104 2076 3182; x_wconf 84' lang='lat' dir='ltr'><strong>quorum</strong></span> <span class='ocrx_word' id='word_1_276' title='bbox 2101 3106 2277 3149; x_wconf 89' lang='lat' dir='ltr'><strong>nunc</strong></span> <span class='ocrx_word' id='word_1_277' title='bbox 2309 3107 2560 3170; x_wconf 87' lang='lat' dir='ltr'><strong>quoque</strong></span> <span class='ocrx_word' id='word_1_278' title='bbox 2660 3142 2661 3161; x_wconf 18' lang='grc' dir='ltr'>ἦ</span> 
     </span>
     <span class='ocr_line' id='line_1_41' title="bbox 598 3165 2559 3255; baseline -0.003 -23"><span class='ocrx_word' id='word_1_279' title='bbox 598 3168 949 3255; x_wconf 85' lang='lat' dir='ltr'><strong>supersunt</strong></span> <span class='ocrx_word' id='word_1_280' title='bbox 974 3167 1177 3228; x_wconf 90' lang='lat' dir='ltr'><strong>multi.</strong></span> <span class='ocrx_word' id='word_1_281' title='bbox 1229 3168 1472 3229; x_wconf 89' lang='lat' dir='ltr'><strong>Romae</strong></span> <span class='ocrx_word' id='word_1_282' title='bbox 1507 3166 2010 3248; x_wconf 82' lang='lat' dir='ltr'><strong>supplicationes</strong></span> <span class='ocrx_word' id='word_1_283' title='bbox 2041 3165 2353 3230; x_wconf 86' lang='lat' dir='ltr'><strong>decretae</strong></span> <span class='ocrx_word' id='word_1_284' title='bbox 2390 3169 2559 3230; x_wconf 84' lang='lat' dir='ltr'><strong>Diis:</strong></span> 
     </span>
     <span class='ocr_line' id='line_1_42' title="bbox 598 3246 2558 3332; baseline -0.001 -20"><span class='ocrx_word' id='word_1_285' title='bbox 598 3250 812 3315; x_wconf 82' lang='lat' dir='ltr'><strong>ovatio</strong></span> <span class='ocrx_word' id='word_1_286' title='bbox 849 3251 1151 3323; x_wconf 85' lang='lat' dir='ltr'><strong>Caesari,</strong></span> <span class='ocrx_word' id='word_1_287' title='bbox 1216 3265 1575 3330; x_wconf 88' lang='lat' dir='ltr'><strong>currusque</strong></span> <span class='ocrx_word' id='word_1_288' title='bbox 1608 3246 2035 3332; x_wconf 74' lang='lat' dir='ltr'><strong>triumphalis,</strong></span> <span class='ocrx_word' id='word_1_289' title='bbox 2099 3269 2253 3310; x_wconf 83' lang='lat' dir='ltr'><strong>mox</strong></span> <span class='ocrx_word' id='word_1_290' title='bbox 2301 3262 2375 3311; x_wconf 88' lang='lat' dir='ltr'><strong>et</strong></span> <span class='ocrx_word' id='word_1_291' title='bbox 2412 3265 2558 3313; x_wconf 87' lang='lat' dir='ltr'><strong>tem-</strong></span> 
     </span>
     <span class='ocr_line' id='line_1_43' title="bbox 594 3328 2555 3417; baseline -0.002 -23"><span class='ocrx_word' id='word_1_292' title='bbox 594 3335 775 3417; x_wconf 90' lang='lat' dir='ltr'><strong>plum</strong></span> <span class='ocrx_word' id='word_1_293' title='bbox 810 3334 1003 3395; x_wconf 88' lang='lat' dir='ltr'><strong>Marti</strong></span> <span class='ocrx_word' id='word_1_294' title='bbox 1040 3330 1381 3401; x_wconf 79' lang='lat' dir='ltr'><strong>structum,</strong></span> <span class='ocrx_word' id='word_1_295' title='bbox 1439 3328 1506 3387; x_wconf 90' lang='lat' dir='ltr'><strong>in</strong></span> <span class='ocrx_word' id='word_1_296' title='bbox 1555 3351 1636 3392; x_wconf 93' lang='lat' dir='ltr'><strong>ue</strong></span> <span class='ocrx_word' id='word_1_297' title='bbox 1679 3349 1793 3403; x_wconf 82' lang='lat' dir='ltr'><strong>ec,</strong></span> <span class='ocrx_word' id='word_1_298' title='bbox 1850 3334 2167 3413; x_wconf 84' lang='lat' dir='ltr'><strong>tamquam</strong></span> <span class='ocrx_word' id='word_1_299' title='bbox 2213 3330 2319 3392; x_wconf 82' lang='lat' dir='ltr'><strong>ad&#39;</strong></span> <span class='ocrx_word' id='word_1_300' title='bbox 2355 3352 2555 3393; x_wconf 86' lang='lat' dir='ltr'><strong>exem-</strong></span> 
     </span>
     <span class='ocr_line' id='line_1_44' title="bbox 596 3408 2559 3500; baseline -0.002 -25"><span class='ocrx_word' id='word_1_301' title='bbox 596 3416 777 3500; x_wconf 87' lang='lat' dir='ltr'><strong>plum</strong></span> <span class='ocrx_word' id='word_1_302' title='bbox 809 3414 1108 3476; x_wconf 77' lang='lat' dir='ltr'><strong>&#39;Feretrii&#39;</strong></span> <span class='ocrx_word' id='word_1_303' title='bbox 1149 3412 1333 3475; x_wconf 85' lang='lat' dir='ltr'><strong>Jovis</strong></span> <span class='ocrx_word' id='word_1_304' title='bbox 1359 3451 1376 3481; x_wconf 91' lang='lat'>‚</span> <span class='ocrx_word' id='word_1_305' title='bbox 1437 3408 1514 3469; x_wconf 90' lang='lat' dir='ltr'><strong>ad</strong></span> <span class='ocrx_word' id='word_1_306' title='bbox 1564 3433 1638 3473; x_wconf 83' lang='lat' dir='ltr'><strong>xa</strong></span> <span class='ocrx_word' id='word_1_307' title='bbox 1690 3411 1872 3494; x_wconf 79' lang='lat' dir='ltr'><strong>signa</strong></span> <span class='ocrx_word' id='word_1_308' title='bbox 1922 3431 2073 3474; x_wconf 86' lang='lat' dir='ltr'><strong>rece</strong></span> <span class='ocrx_word' id='word_1_309' title='bbox 2121 3427 2183 3473; x_wconf 84' lang='lat' dir='ltr'><strong>ta</strong></span> <span class='ocrx_word' id='word_1_310' title='bbox 2222 3433 2373 3475; x_wconf 87' lang='lat' dir='ltr'><strong>cum</strong></span> <span class='ocrx_word' id='word_1_311' title='bbox 2417 3417 2559 3475; x_wconf 86' lang='lat' dir='ltr'><strong>Par·</strong></span> 
     </span>
    </p>
   </div>
   <div class='ocr_carea' id='block_1_16' title="bbox 2660 2812 2666 3412">
    <p class='ocr_par' dir='ltr' id='par_1_16' title="bbox 2660 2812 2666 3412">
     <span class='ocr_line' id='line_1_45' title="bbox 2660 2812 2666 3412; baseline 0 0"><span class='ocrx_word' id='word_1_312' title='bbox 2660 2812 2666 3412; x_wconf 95' lang='lat' dir='ltr'><strong> </strong></span> 
     </span>
    </p>
   </div>
   <div class='ocr_carea' id='block_1_17' title="bbox 533 3491 2563 3589">
    <p class='ocr_par' dir='ltr' id='par_1_17' title="bbox 533 3491 2563 3589">
     <span class='ocr_line' id='line_1_46' title="bbox 533 3491 2563 3589; baseline -0.001 -32"><span class='ocrx_word' id='word_1_313' title='bbox 533 3498 536 3501; x_wconf 76' lang='grc'><strong>’</strong></span> <span class='ocrx_word' id='word_1_314' title='bbox 595 3496 792 3589; x_wconf 67' lang='lat' dir='ltr'><strong>thicis&#39;</strong></span> <span class='ocrx_word' id='word_1_315' title='bbox 832 3496 1088 3580; x_wconf 64' lang='lat' dir='ltr'><strong>spoliis.</strong></span> <span class='ocrx_word' id='word_1_316' title='bbox 1129 3503 1243 3559; x_wconf 77' lang='lat' dir='ltr'><strong>Bis</strong></span> <span class='ocrx_word' id='word_1_317' title='bbox 1269 3501 1531 3584; x_wconf 81' lang='lat' dir='ltr'><strong>ultorem</strong></span> <span class='ocrx_word' id='word_1_318' title='bbox 1562 3494 2008 3576; x_wconf 83' lang='lat' dir='ltr'><strong>cognominari</strong></span> <span class='ocrx_word' id='word_1_319' title='bbox 2037 3517 2080 3579; x_wconf 94' lang='lat' dir='ltr'><strong>p</strong></span> <span class='ocrx_word' id='word_1_320' title='bbox 2108 3495 2282 3557; x_wconf 88' lang='lat' dir='ltr'><strong>acuit</strong></span> <span class='ocrx_word' id='word_1_321' title='bbox 2314 3537 2334 3567; x_wconf 82' lang='lat'>‚</span> <span class='ocrx_word' id='word_1_322' title='bbox 2404 3491 2563 3580; x_wconf 78' lang='lat' dir='ltr'><strong>quod</strong></span> 
     </span>
    </p>
   </div>
   <div class='ocr_carea' id='block_1_18' title="bbox 577 3647 2567 3898">
    <p class='ocr_par' dir='ltr' id='par_1_18' title="bbox 577 3647 2567 3898">
     <span class='ocr_line' id='line_1_47' title="bbox 577 3647 2567 3763; baseline -0.004 -19"><span class='ocrx_word' id='word_1_323' title='bbox 577 3666 586 3674; x_wconf 48' lang='lat'><em>⁰</em></span> <span class='ocrx_word' id='word_1_324' title='bbox 665 3689 812 3761; x_wconf 81' lang='lat' dir='ltr'><strong>Cap.</strong></span> <span class='ocrx_word' id='word_1_325' title='bbox 845 3688 1018 3742; x_wconf 86' lang='lat' dir='ltr'><strong>xxl.·</strong></span> <span class='ocrx_word' id='word_1_326' title='bbox 1047 3672 1265 3741; x_wconf 76' lang='lat' dir='ltr'><strong>Euseb.</strong></span> <span class='ocrx_word' id='word_1_327' title='bbox 1304 3666 1531 3742; x_wconf 56' lang='lat' dir='ltr'><strong>Clu-ons</strong></span> <span class='ocrx_word' id='word_1_328' title='bbox 1586 3679 1897 3762; x_wconf 55' lang='lat' dir='ltr'><strong>Strabo-,l</strong></span> <span class='ocrx_word' id='word_1_329' title='bbox 1930 3702 2013 3740; x_wconf 68' lang='grc' dir='ltr'><strong>ια.</strong></span> <span class='ocrx_word' id='word_1_330' title='bbox 2050 3701 2115 3754; x_wconf 82' lang='lat' dir='ltr'><strong>p.</strong></span> <span class='ocrx_word' id='word_1_331' title='bbox 2144 3647 2297 3753; x_wconf 23' lang='grc'><strong>579..</strong></span> <span class='ocrx_word' id='word_1_332' title='bbox 2328 3683 2567 3763; x_wconf 78' lang='lat' dir='ltr'><strong>Suetqn.</strong></span> 
     </span>
     <span class='ocr_line' id='line_1_48' title="bbox 593 3751 2566 3828; baseline -0.005 -15"><span class='ocrx_word' id='word_1_333' title='bbox 593 3758 734 3813; x_wconf 79' lang='lat' dir='ltr'><strong>Tib.</strong></span> <span class='ocrx_word' id='word_1_334' title='bbox 763 3758 821 3812; x_wconf 82' lang='lat'><strong>8.</strong></span> <span class='ocrx_word' id='word_1_335' title='bbox 859 3756 1074 3811; x_wconf 84' lang='lat' dir='ltr'><strong>Euseb.</strong></span> <span class='ocrx_word' id='word_1_336' title='bbox 1100 3756 1322 3810; x_wconf 87' lang='lat' dir='ltr'><strong>Chron.</strong></span> <span class='ocrx_word' id='word_1_337' title='bbox 1398 3754 1737 3828; x_wconf 82' lang='lat' dir='ltr'><strong>eap.xxl1.</strong></span> <span class='ocrx_word' id='word_1_338' title='bbox 1775 3755 1913 3808; x_wconf 73' lang='lat' dir='ltr'><strong>Dio.</strong></span> <span class='ocrx_word' id='word_1_339' title='bbox 1951 3752 2266 3820; x_wconf 77' lang='lat' dir='ltr'><strong>Justin.42,</strong></span> <span class='ocrx_word' id='word_1_340' title='bbox 2282 3751 2340 3806; x_wconf 80' lang='lat'><strong>5.</strong></span> <span class='ocrx_word' id='word_1_341' title='bbox 2366 3754 2566 3805; x_wconf 78' lang='lat' dir='ltr'><strong>etDio.</strong></span> 
     </span>
     <span class='ocr_line' id='line_1_49' title="bbox 591 3821 2562 3898; baseline -0.004 -16"><span class='ocrx_word' id='word_1_342' title='bbox 591 3827 721 3882; x_wconf 60' lang='lat' dir='ltr'><strong>mv.</strong></span> <span class='ocrx_word' id='word_1_343' title='bbox 755 3825 914 3895; x_wconf 86' lang='lat' dir='ltr'><strong>Epit.</strong></span> <span class='ocrx_word' id='word_1_344' title='bbox 944 3827 1061 3896; x_wconf 76' lang='lat'><strong>¹39·</strong></span> <span class='ocrx_word' id='word_1_345' title='bbox 1101 3825 1349 3880; x_wconf 88' lang='lat' dir='ltr'><strong>Sueton.</strong></span> <span class='ocrx_word' id='word_1_346' title='bbox 1380 3824 1531 3898; x_wconf 81' lang='lat' dir='ltr'><strong>Aug.</strong></span> <span class='ocrx_word' id='word_1_347' title='bbox 1552 3840 1636 3876; x_wconf 73' lang='lat' dir='ltr'><strong>si.</strong></span> <span class='ocrx_word' id='word_1_348' title='bbox 1678 3821 1834 3878; x_wconf 87' lang='lat' dir='ltr'><strong>Vell.</strong></span> <span class='ocrx_word' id='word_1_349' title='bbox 1870 3841 1925 3889; x_wconf 69' lang='lat' dir='ltr'><strong>a,</strong></span> <span class='ocrx_word' id='word_1_350' title='bbox 1955 3841 2042 3892; x_wconf 89' lang='lat'><strong>9¹·</strong></span> <span class='ocrx_word' id='word_1_351' title='bbox 2100 3823 2249 3874; x_wconf 85' lang='lat' dir='ltr'><strong>Hor.</strong></span> <span class='ocrx_word' id='word_1_352' title='bbox 2290 3821 2491 3875; x_wconf 85' lang='lat' dir='ltr'><strong>Carm.</strong></span> <span class='ocrx_word' id='word_1_353' title='bbox 2515 3821 2562 3882; x_wconf 76' lang='lat'><strong>3,</strong></span> 
     </span>
    </p>
   </div>
   <div class='ocr_carea' id='block_1_19' title="bbox 591 3889 2561 4033">
    <p class='ocr_par' dir='ltr' id='par_1_19' title="bbox 591 3889 2561 4033">
     <span class='ocr_line' id='line_1_50' title="bbox 591 3889 2557 3966; baseline -0.006 -14"><span class='ocrx_word' id='word_1_354' title='bbox 591 3895 649 3952; x_wconf 77' lang='grc' dir='ltr'><strong>ὅ.</strong></span> <span class='ocrx_word' id='word_1_355' title='bbox 708 3895 963 3963; x_wconf 44' lang='grc' dir='ltr'><strong>ὃπιέὴολ</strong></span> <span class='ocrx_word' id='word_1_356' title='bbox 985 3895 1025 3947; x_wconf 90' lang='lat' dir='ltr'><strong>l.</strong></span> <span class='ocrx_word' id='word_1_357' title='bbox 1054 3897 1108 3949; x_wconf 88' lang='lat'><strong>6.</strong></span> <span class='ocrx_word' id='word_1_358' title='bbox 1147 3912 1209 3966; x_wconf 83' lang='lat' dir='ltr'><strong>p.</strong></span> <span class='ocrx_word' id='word_1_359' title='bbox 1244 3894 1364 3948; x_wconf 73' lang='lat'><strong>288.</strong></span> <span class='ocrx_word' id='word_1_360' title='bbox 1400 3900 1458 3945; x_wconf 88' lang='lat' dir='ltr'><strong>et</strong></span> <span class='ocrx_word' id='word_1_361' title='bbox 1493 3893 1573 3948; x_wconf 78' lang='lat'><strong>16.</strong></span> <span class='ocrx_word' id='word_1_362' title='bbox 1606 3908 1670 3962; x_wconf 84' lang='lat' dir='ltr'><strong>p.</strong></span> <span class='ocrx_word' id='word_1_363' title='bbox 1696 3889 1820 3959; x_wconf 77' lang='grc'><strong>748.</strong></span> <span class='ocrx_word' id='word_1_364' title='bbox 1874 3891 2039 3945; x_wconf 73' lang='lat' dir='ltr'><strong>Fl&#39;or.</strong></span> <span class='ocrx_word' id='word_1_365' title='bbox 2072 3894 2121 3954; x_wconf 70' lang='grc'><strong>4,</strong></span> <span class='ocrx_word' id='word_1_366' title='bbox 2163 3907 2245 3943; x_wconf 73' lang='lat'><strong>12.</strong></span> <span class='ocrx_word' id='word_1_367' title='bbox 2302 3890 2478 3943; x_wconf 87' lang='lat' dir='ltr'><strong>Oros.</strong></span> <span class='ocrx_word' id='word_1_368' title='bbox 2511 3890 2557 3950; x_wconf 80' lang='lat'><strong>6,</strong></span> 
     </span>
     <span class='ocr_line' id='line_1_51' title="bbox 591 3957 2561 4033; baseline -0.004 -17"><span class='ocrx_word' id='word_1_369' title='bbox 591 3980 680 4017; x_wconf 78' lang='lat' dir='ltr'><strong>m.</strong></span> <span class='ocrx_word' id='word_1_370' title='bbox 730 3964 978 4033; x_wconf 82' lang='lat' dir='ltr'><strong>Eutrop.</strong></span> <span class='ocrx_word' id='word_1_371' title='bbox 1010 3964 1049 4016; x_wconf 87' lang='lat' dir='ltr'><strong>l.</strong></span> <span class='ocrx_word' id='word_1_372' title='bbox 1076 3959 1448 4031; x_wconf 80' lang='lat' dir='ltr'><strong>7..Gassiod.</strong></span> <span class='ocrx_word' id='word_1_373' title='bbox 1486 3957 1710 4015; x_wconf 72' lang='lat' dir='ltr'><strong>Chron.</strong></span> <span class='ocrx_word' id='word_1_374' title='bbox 1779 3960 1931 4032; x_wconf 82' lang='lat' dir='ltr'><strong>Gap.</strong></span> <span class='ocrx_word' id='word_1_375' title='bbox 1968 3959 2173 4013; x_wconf 85' lang='lat' dir='ltr'><strong>xxm.</strong></span> <span class='ocrx_word' id='word_1_376' title='bbox 2231 3957 2376 4010; x_wconf 89' lang='lat' dir='ltr'><strong>Dio.</strong></span> <span class='ocrx_word' id='word_1_377' title='bbox 2430 3958 2561 4012; x_wconf 75' lang='lat' dir='ltr'><strong>Sut-</strong></span> 
     </span>
    </p>
   </div>
   <div class='ocr_carea' id='block_1_20' title="bbox 561 4026 2564 4105">
    <p class='ocr_par' dir='ltr' id='par_1_20' title="bbox 561 4026 2564 4105">
     <span class='ocr_line' id='line_1_52' title="bbox 561 4026 2564 4105; baseline -0.002 -23"><span class='ocrx_word' id='word_1_378' title='bbox 561 4034 717 4082; x_wconf 77' lang='lat' dir='ltr'><strong>&#39;ton&#39;.</strong></span> <span class='ocrx_word' id='word_1_379' title='bbox 758 4028 893 4082; x_wconf 87' lang='lat' dir='ltr'><strong>Tib.</strong></span> <span class='ocrx_word' id='word_1_380' title='bbox 930 4049 982 4083; x_wconf 82' lang='lat' dir='ltr'><strong>e.</strong></span> <span class='ocrx_word' id='word_1_381' title='bbox 1014 4049 1068 4099; x_wconf 80' lang='lat' dir='ltr'><strong>q.</strong></span> <span class='ocrx_word' id='word_1_382' title='bbox 1106 4030 1313 4084; x_wconf 61' lang='lat' dir='ltr'><strong>(lustin.</strong></span> <span class='ocrx_word' id='word_1_383' title='bbox 1352 4027 1685 4105; x_wconf 21' lang='lat' dir='ltr'><strong>nimqveu.</strong></span> <span class='ocrx_word' id='word_1_384' title='bbox 1716 4045 1770 4099; x_wconf 65' lang='grc' dir='ltr'><strong>α,</strong></span> <span class='ocrx_word' id='word_1_385' title='bbox 1801 4035 1889 4100; x_wconf 71' lang='grc'><strong>94.</strong></span> <span class='ocrx_word' id='word_1_386' title='bbox 1927 4029 2068 4086; x_wconf 75' lang='lat' dir='ltr'><strong>Tae.</strong></span> <span class='ocrx_word' id='word_1_387' title='bbox 2099 4028 2259 4084; x_wconf 77' lang='lat' dir='ltr'><strong>Anu.</strong></span> <span class='ocrx_word' id='word_1_388' title='bbox 2294 4044 2351 4096; x_wconf 76' lang='lat'><strong>2,</strong></span> <span class='ocrx_word' id='word_1_389' title='bbox 2375 4049 2444 4099; x_wconf 60' lang='lat' dir='ltr'><strong>J.</strong></span> <span class='ocrx_word' id='word_1_390' title='bbox 2483 4026 2564 4080; x_wconf 68' lang='lat' dir='ltr'><strong>Ju-</strong></span> 
     </span>
    </p>
   </div>
   <div class='ocr_carea' id='block_1_21' title="bbox 592 4095 1333 4172">
    <p class='ocr_par' dir='ltr' id='par_1_21' title="bbox 592 4095 1333 4172">
     <span class='ocr_line' id='line_1_53' title="bbox 592 4095 1333 4172; baseline 0.004 -21"><span class='ocrx_word' id='word_1_391' title='bbox 592 4097 720 4152; x_wconf 81' lang='lat' dir='ltr'><strong>stiu.</strong></span> <span class='ocrx_word' id='word_1_392' title='bbox 774 4095 1024 4164; x_wconf 77' lang='lat' dir='ltr'><strong>Sueten.</strong></span> <span class='ocrx_word' id='word_1_393' title='bbox 1060 4097 1211 4172; x_wconf 70' lang='lat' dir='ltr'><strong>Aug.</strong></span> <span class='ocrx_word' id='word_1_394' title='bbox 1245 4116 1333 4156; x_wconf 74' lang='lat' dir='ltr'><strong>n.</strong></span> 
     </span>
    </p>
   </div>
  </div>
 </body>
</html>
