2675 4642
561 238 685 306 sse
762 213 1163 308 paemen.
1196 232 2428 309 SUPPLEMENTORUmLm.xcv1;

230 439 303 498 U·
326 458 384 497 θ·
411 459 537 574 ΞέΊ·
563 448 633 513 di
669 449 1004 512 'consilium
1025 492 1044 520 ‚
1102 462 1201 521 et,
1256 444 1625 531 proditione
1659 446 2004 532 Lampsaco
2036 448 2310 531 potitus,
2370 470 2516 513 ma·

227 511 367 571 &G
481 542 503 572 ⁶
563 531 711 616 gnis
746 528 1078 612 stipendiis
1119 529 1409 591 invitavit
1436 533 1635 594 Italici
1674 529 1933 614 generis
1963 528 2289 597 homines,
2335 551 2513 613 quos

563 632 644 677 eo
679 610 1324 708 G.·Ca·esar·dictator
1351 612 1413 669 in
1449 614 1758 708 coloniam
1795 610 2164 670 deduxerat.
2230 613 2511 707 Jamque

560 692 1147 836 ἒῖὶῗὲἓὲὶὲἷῖὲῖω
1186 691 2507 854 {52⁹3ssss”2⁸ff232223332-33'252333:

436 857 447 867 “
558 853 865 937 oppidum
919 852 1416 948 commod-illimo
1477 854 1602 914 situ
1629 935 1643 951 ⁶
1667 853 2033 947 proditione
2094 866 2507 946 recepturus.

410 1085 414 1089 ,
559 934 1095 1156 ξεέζεξῖὲεᾛ
1122 932 2508 1110 sssz‘assssmzzszstziffs{35312‘5‘331

475 1112 479 1117 ’
555 1108 689 1158 tum
779 1114 815 1155 c
861 1114 1117 1185 aeorum
1152 1108 1435 1178 repetiit.

239 1218 500 1277 Furnium
605 1226 609 1233 ’
682 1217 819 1278 xn.
882 1215 1074 1281 Ve'nit
1113 1214 1337 1277 eodem
1381 1230 1444 1278 et
1479 1217 1794 1289 Furnius,
1854 1234 2108 1298 semper
2145 1215 2504 1278 observans

187 1292 530 1361 ’Ψῑῑθηῑὺ
559 1318 739 1371 eum,
785 1317 867 1359 ne
910 1317 1093 1380 quam
1137 1297 1357 1359 urbem
1397 1312 1772 1382 occuparet,
1833 1312 1896 1358 et
1939 1298 2504 1358 frumentationem

556 1377 938 1461 impediens.
1043 1378 1265 1449 Hunc,
1327 1379 1623 1462 quoniam
1682 1378 1961 1440 adlicere
2013 1379 2362 1461 Pompejus
2422 1378 2504 1439 ad

556 1457 960 1546 pugnandum
993 1459 1404 1541 nequiverat,
1453 1461 1518 1521 in
1564 1458 1775 1522 castris
1812 1458 1945 1520 suis
1981 1458 2278 1531 adortus,
2322 1459 2526 1520 misit⁴

558 1541 742 1602 aliam
781 1559 1026 1600 manum
1048 1583 1065 1616 ,
1113 1561 1270 1623 quae
1307 1540 1433 1602 sibi
1466 1525 1859 1603 resilientem
1894 1552 1929 1600 a
1951 1537 2314 1624 Quaestor-ia
2345 1560 2505 1621 por-

557 1634 622 1684 ta
650 1620 997 1683 invaderet.
1080 1622 1164 1681 Et
1191 1623 1481 1683 succell'it
1510 1622 1728 1684 dolus:
1785 1619 2281 1703 irrumpentibus
2308 1620 2508 1680 Pom-

558 1700 805 1786 peianis
835 1723 870 1763 a
896 1715 1099 1782 tergo,
1147 1717 1402 1783 coactus
1433 1701 1623 1764 castra
1648 1703 2014 1784 relinquere
2037 1701 2313 1762 Furnius
2338 1700 2504 1761 mul-

557 1795 665 1845 tos
699 1782 932 1845 milites
963 1782 1195 1845 amisit.
1259 1786 1387 1847 Per
1414 1783 1857 1846 Scamandrios
1895 1783 2060 1845 enim
2094 1801 2350 1864 campos
2382 1782 2504 1842 im-

559 1860 786 1926 bribus
823 1862 1145 1925 madentes
1182 1864 1488 1949 perquam
1525 1864 1825 1948 impedita
1862 1863 2010 1948 fuga
2050 1864 2278 1925 fuerat.

682 1962 849 2031 Xlll.
895 1968 1101 2048 Hujus
1137 1968 1449 2032 victoriae
1485 1970 1644 2031 fama
1680 1971 1873 2032 Sexto
1912 1969 2247 2030 multorum
2283 1965 2502 2027 conci-

561 2047 756 2112 liabat
789 2047 1066 2122 animos,
1110 2063 1175 2112 et
1212 2070 1288 2111 ex
1317 2051 1540 2114 Furnii
1577 2050 1829 2113 auxiliis
1866 2071 2010 2134 pars
2046 2068 2301 2130 magna,
2348 2066 2499 2129 ege·

563 2130 634 2190 ni
671 2130 1056 2213 tributisque
1083 2129 1367 2213 ¹exhausti
1405 2132 1731 2204 homines,
1788 2131 2139 2214 gaudebant
2192 2125 2496 2210 stipendia

559 2209 780 2274 facere
820 2210 937 2271 sub
972 2212 1205 2282 Sexto,
1294 2213 1361 2273 ui
1395 2214 1777 2297 pecuniosus
1811 2226 1875 2274 et
1908 2210 2191 2274 liberalis
2226 2207 2501 2269 habeba·

234 2346 243 2359 ,
561 2304 699 2354 tur..
794 2291 960 2354 Satis
1013 2293 1135 2371 jam
1188 2293 1266 2354 be
1298 2294 1358 2355 le
1456 2293 1764 2356 recedere
1818 2308 2031 2356 cetera
2082 2290 2501 2354 videbantur:

247 2375 465 2450 Equites
492 2379 538 2430 1·
567 2373 681 2434 sed
720 2372 1041 2456 equitatus
1078 2373 1318 2438 deerat.
1430 2377 1638 2458 gitur,
1694 2378 2061 2457 cuniperto,
2123 2373 2276 2433 alam
2315 2370 2516 2453 equi-·

199 2448 386 2504 uticus
419 2462 526 2498 cor.
565 2469 698 2516 tum
734 2454 1095 2515 italicorum
1143 2455 1222 2516 ad
1257 2456 1598 2518 Antonium
1640 2476 1949 2539 pergere,
2011 2473 2191 2537 quam
2231 2451 2526 2511 Athenis'

199 2530 541 2584 '⁰⁸9‘7“‘'
568 2534 835 2598 Octavia
878 2535 1172 2606 miserat,
1230 2536 1547 2621 ablegavit
1600 2537 1676 2599 ad
1734 2557 1847 2599 eos
1895 2546 2309 2618 corruptores
2358 2548 2510 2592 eum

192 2596 389 2641 Μὴ
566 2634 762 2677 auro:
827 2616 941 2677 sed
983 2615 1373 2698 deprehensi
1413 2633 1557 2681 sunt
1599 2618 1673 2680 ab
1713 2617 1853 2691 bis,
1911 2618 2023 2701 qui
2064 2614 2180 2678 sub
2221 2613 2506 2677 Antonio

565 2695 979 2759 Macedoniae
1021 2712 1391 2779 praeerant,
1435 2718 1780 2783 aurumque
1811 2699 1980 2761 inter
2009 2696 2259 2782 equites
2283 2691 2511 2778 prodi-

567 2777 808 2843 tionem
843 2777 1261 2841 abhorrentes
1299 2778 1726 2845 distributum.

596 2919 600 2923 -
648 2883 861 2947 χΧΙῩ.
923 2885 1181 2945 Interim
1235 2874 1536 2955 Sextu2‚'
1576 2887 1806 2949 Nicaea
1862 2899 2049 2969 atque
2092 2881 2514 2958 Nicomedis,

617 2963 921 3026 raeclaris
953 2963 1286 3045 Bithyniae
1327 2966 1614 3038 urbibus,
1658 2987 1814 3029 occu
1862 2969 2003 3035 atis,
2045 2964 2350 3050 pecunias
2377 2966 2513 3025 col-

603 3045 833 3128 igebat,
877 3045 1156 3109 invalido
1194 3046 1272 3107 ad
1303 3046 1767 3129 prohibendum
1852 3050 2059 3120 nmio,
2101 3046 2210 3131 qui
2237 3066 2358 3127 pro
2408 3046 2510 3106 iu·

577 3127 723 3210 quis
776 3127 937 3189 locis
981 3124 1171 3189 castra
1213 3128 1604 3192 muniverat:
1666 3129 1869 3192 donec
1905 3130 1964 3191 ei
2004 3130 2274 3225 primum
2314 3149 2346 3186 a
2401 3144 2508 3188 ve-

577 3220 810 3271 nerunt
852 3228 890 3269 e
928 3207 1145 3270 Sicilia
1186 3229 1379 3271 naves
1420 3211 1851 3293 septuaginta,
1914 3210 2222 3294 reliquiae
2261 3207 2507 3281 elass'is,

581 3308 765 3371 quam
804 3289 1114 3351 Antonius
1152 3288 1407 3353 Caesari
1449 3292 1991 3367 commodaverat3
2053 3307 2267 3372 neque
2308 3289 2512 3351 multo

629 3367 718 3429 ost
756 3387 895 3431 cum
931 3370 1073 3431 aliis
1114 3385 1363 3433 centum
1399 3386 1463 3433 et
1496 3372 1725 3455 viginti
1759 3392 1798 3436 e
1829 3372 2005 3454 Syria
2038 3372 2247 3433 Titius
2281 3368 2505 3431 adfuit.

581 3390 706 3512 Elis
746 3449 825 3511 ad
861 3452 1338 3524 proconnesum
1387 3452 1705 3535 adpulsis,
1763 3455 1989 3516 Sextus
2042 3451 2225 3514 classe
2276 3448 2509 3535 despe-

583 3551 739 3591 rans
771 3531 1054 3593 incendit
1087 3553 1313 3604 naves,
1405 3555 1515 3596 uas
1552 3535 1953 3618 gravioribus
1987 3530 2250 3595 sarcinis
2287 3550 2513 3593 onera-

587 3624 807 3686 verat3
868 3615 1272 3696 remigesque
1314 3636 1348 3674 a
1434 3615 1783 3699 pedestrem
1833 3615 2113 3676 militiam
2151 3614 2522 3675 transtulita

255 3708 340 3764 Ab
370 3708 564 3763 amices
589 3712 673 3754 ne
718 3706 853 3754 tum
900 3694 1156 3777 quidem
1200 3697 1472 3758 consilio
1513 3695 1789 3758 bellandi
1827 3695 2140 3778 deposito.
2220 3691 2512 3787 Quapro-

227 3776 512 3834 ἰωνίαν.
586 3786 740 3855 pter
767 3772 1113 3835 amicorum
1151 3775 1286 3853 ejus
1317 3777 1645 3862 principes
1675 3778 1908 3840 camus
1945 3780 2340 3846 Parmenszs,
2392 3779 2510 3838 Na-

590 3852 831 3925 sidius,
898 3855 1313 3928 Saturninus,
1366 3857 1713 3930 Thermus,
1774 3857 2103 3928 Antistius,
2161 3857 2512 3939 ceterique.

512 3935 519 3943 '
592 3946 660 3995 es
693 3935 1035 4018 praecipuo
1079 3937 1241 4026 apud
1280 3959 1424 4000 eum
1461 3939 1708 4004 honore
1747 3938 1998 4003 habitu's
2035 3938 2358 4015 Fannius,
2401 3954 2516 4023 pt-

659 4087 805 4163 Cap.
834 4089 990 4152 xlv.
1037 4090 1177 4150 Dio.
1209 4095 1467 4171 Appian.
1531 4094 1675 4157 Dio.
1703 4094 1964 4173 Appias.
