2675 4642
123 250 132 269 ²
189 270 212 301 .
529 244 618 309 m
656 245 958 339 Locum
993 203 1157 310 me.
1212 250 1402 313 cxc.
1450 248 1675 315 mvn.
1774 258 1783 263 ·
1956 197 2079 329 ⁴783

114 454 370 515 obviam
418 457 779 552 procedere
822 476 963 521 cum
1005 457 1208 540 signis
1248 472 1311 518 et
1356 457 1589 553 aquilis
1635 455 1950 540 comptis,
2004 470 2078 518 ‘et
2140 459 2432 533 U.c.7l,3.

114 537 396 596 salutare
428 553 883 622 imperatorem
921 539 1130 618 juffit3
1187 552 1714 621 praetoriumque
1751 540 1814 599 ei
1854 538 2078 600 dextra
2134 533 2297 590 A·(3·

108 631 300 699 parte
339 618 543 681 statui.
624 625 761 683 Nec
795 622 996 682 multo
1029 619 1167 704 post
1206 620 1547 682 exstinctus
1581 619 1666 682 est
1691 662 1708 693 ‚
1768 620 1939 681 inter
1971 642 2077 681 su-

108 718 335 780 prema
373 701 597 765 fratris
638 704 876 763 oscula.
964 704 1239 785 Corpus,
1286 703 1489 763 invito
1525 723 1734 785 prope
1762 702 2077 776 exercitu,

112 784 227 864 qui
268 784 541 844 cremari
578 784 644 845 in
674 790 903 854 armis,
950 783 1121 845 inter
1155 804 1321 867 quae
1350 784 1714 856 ceciderat,
1759 783 2076 856 voluiss'et‚

112 884 150 921 a
197 863 470 929 Tiberio
504 866 784 948 primum
833 886 956 948 per
995 866 1415 927 centuriones
1466 881 1529 926 et
1566 866 1861 928 tribunos
1905 865 2080 926 mili-

109 957 249 1004 tum
286 946 364 1006 ad
406 946 678 1008 hiberna
726 947 1135 1030 deportatum
1189 945 1297 1007 est.
1381 946 1541 1009 Inde
1570 946 2077 1030 ,municipiorum

110 1028 646 1111 coloniarumque
701 1030 1023 1112 primores
1071 1043 1505 1112 exceperunt,
1571 1029 2078 1112 suscipientibus

111 1109 470 1171 acribarum
505 1110 793 1172 decuriis
815 1154 831 1183 ,
893 1123 960 1171 et
1000 1110 1201 1173 eflusa
1238 1132 1358 1192 per
1394 1109 1681 1173 officium
1717 1110 2077 1171 multitudi-

109 1210 241 1261 ne,
306 1191 486 1273 rogis
538 1213 616 1253 ue
646 1192 964 1254 adcensis.
1051 1194 1161 1253 Sic
1205 1197 1469 1253 Romam
1507 1194 1844 1276 perlatum,
1886 1193 2074 1275 pedi-

107 1270 235 1333 bus
266 1286 491 1334 antece
541 1289 687 1336 ente
719 1274 1009 1345 Tiberio,
1056 1293 1175 1335 nec
1207 1292 1470 1356 usquam
1501 1275 1704 1346 abeo,
1748 1270 2074 1357 postquam

109 1353 414 1415 Ticinum
470 1357 856 1426 advenerat,
924 1354 1411 1418 discedentibus
1458 1357 1692 1418 vitrico
1756 1370 1821 1417 et
1869 1370 2072 1417 matre

105 1434 320 1496 Livia.
383 1437 705 1500 ..Lictores
736 1458 994 1522 quoque
1030 1440 1279 1513 versis,
1329 1453 1400 1501 ut
1432 1438 1498 1498 in
1528 1439 1742 1511 luctu,
1785 1438 2072 1499 fascibus

106 1517 568 1601 sequebantur.

2323 553 2378 606 9.

236 1624 378 1688 Vn.
423 1627 585 1684 'I'um
629 1627 696 1686 in
736 1625 907 1700 foro,
952 1626 1366 1691 circumfusis
1403 1624 1813 1704 Claudiorum
1848 1611 2084 1687 Livio-³
2131 1625 2317 1681 Funus
2402 1702 2409 1709 .

109 1725 390 1802 rumque
437 1709 558 1768 ima
610 1707 861 1781 inibus‚
920 1708 1322 1794 propositum
1377 1705 1810 1790 defletumque
1857 1708 2073 1769 sunus,
2103 1695 2297 1750 Drusi.

113 1788 425 1849 Tiberius
469 1788 549 1851 de
588 1803 841 1852 unctum
879 1793 1163 1853 laudavit
1211 1811 1333 1873 pro
1370 1787 1658 1866 Rostris3
1722 1786 2080 1873 Augustus,

112 1889 240 1930 nec
284 1870 426 1931 sine
460 1870 776 1942 lacrimis,
838 1874 903 1933 in
942 1875 1121 1934 circo
1154 1872 1509 1934 Flaminio:
1572 1869 1780 1952 quod,
1851 1872 2079 1934 nescio

114 1971 306 2032 quam
341 1954 422 2010 ob
464 1953 1018 2035 superstitionem,
1078 1953 1335 2037 ingredi
1373 1952 1773 2036 pomoerium
1808 1953 1907 2014 fas
1947 1972 2082 2013 non

114 2033 247 2093 effe
277 2033 560 2096 rebatur.
646 2039 739 2096 Ea
771 2037 833 2095 in
869 2037 1231 2098 laudatione
1273 2046 1573 2117 precatus
1612 2033 1851 2095 dicitur
1875 2036 2079 2107 Deos,

111 2112 353 2170 similes
389 2117 595 2170 Druso
633 2121 926 2175 Caesares
954 2134 1092 2174 suos
1112 2118 1428 2190 facerent,
1480 2114 1708 2184 sibique
1737 2124 1867 2172 tam
1899 2116 2084 2171 hone·

116 2192 282 2239 stum
331 2182 693 2258 ,quundoque
737 2189 971 2245 exitum
1021 2189 1241 2244 darent
1267 2222 1287 2255 ‚
1363 2205 1545 2260 quam
1589 2184 1693 2242 illi
1745 2185 2078 2267 dedissent.

117 2250 410 2314 Cadaver
466 2261 752 2337 equitum
807 2260 1240 2319 Romanorum
1297 2252 1628 2317 illustrium
1679 2253 1968 2316 humeris
2013 2275 2082 2314 in

118 2352 411 2417 campum
456 2340 769 2417 perlatum
800 2382 816 2412 ,
879 2339 1099 2423 ibique
1138 2352 1609 2401 concrematum
1653 2332 1780 2398 est:
1822 2338 2081 2398 cineres

114 2415 187 2475 in
230 2417 495 2500 Augusti
540 2420 971 2483 conditorium
1011 2421 1196 2482 illati.

243 2523 412 2589 V111.
473 2528 748 2590 Fortior·
782 2528 847 2588 in
890 2525 1076 2609 hujus
1121 2526 1303 2588 obitu
1342 2525 1530 2589 Livia
1574 2524 1734 2597 fuit,
1793 2516 1978 2610 quain
2014 2523 2082 2584 in
2145 2528 2444 2598 Lfviaefitit

112 2606 431 2668 Marcello
448 2608 673 2693 gnuper
709 2609 979 2673 Octavia
1007 2609 1255 2669 fuerat:
1307 2609 1447 2670 sive
1488 2606 1662 2692 quod
1690 2605 1893 2669 adbuc
1922 2607 2086 2668 alter
2110 2600 2457 2667 mwtfflfir‘

112 2684 399 2748 filiorum
444 2707 815 2774 supererat,
880 2693 1019 2754 sive
1069 2690 1214 2752 aliis
1258 2690 1508 2752 causs'is.
1590 2689 1916 2751 Prosuiss'e
1959 2687 2083 2750 sibi

114 2770 436 2852 sapientia
470 2775 629 2837 Arei
667 2776 906 2836 monita
946 2772 1222 2844 dicebat,
1266 2794 1348 2833 ne
1387 2773 1587 2834 nimio
1620 2773 1795 2833 luctu
1829 2786 2083 2854 merge-

108 2865 318 2911 retur.
402 2854 710 2920 Honores
743 2856 980 2917 deinde
1009 2855 1375 2917 cumulatim
1413 2853 1763 2916 memoriae
1802 2854 1938 2933 ejus
1972 2854 2082 2911 ad-

110 2930 272 2995 diti:
334 2952 453 2994 nec
490 2960 612 3022 per
649 2938 1078 3000 adulationem
1121 2937 1324 3019 magis
1348 2978 1364 3006 ‚
1430 2956 1613 3018 quam
1650 2936 1792 3016 jure
1825 2935 2080 2995 merito.
2161 2988 2165 3001 ,

113 3021 473 3080 Germanici
508 3041 865 3106 cognomen
905 3019 1035 3102 ipsi
1076 3015 1515 3100 posterisque,
1561 3015 1831 3088 statuae,
1896 3036 2087 3076 arcus

78 3124 514 3165 ·marmoreus
555 3124 700 3165 cum
735 3101 1018 3184 tropaeis
1050 3100 1153 3160 via
1182 3100 1412 3181 Appia,
1460 3111 1526 3175 et
1557 3099 1635 3158 ad
1670 3100 1880 3184 ipsum
1910 3096 2088 3158 Rhe-

106 3205 265 3245 num
301 3183 689 3248 honorarius
736 3183 1016 3247 tumulus
1062 3179 1491 3264 Maguntiaci,
1557 3180 1760 3243 adhuc
1800 3177 2088 3274 vestigiis

108 3266 251 3346 ejus
308 3269 710 3329 monumenti
767 3262 1167 3327 durantibus.
1252 3264 1417 3323 Eum
1470 3264 1794 3325 exercitus
1845 3274 2087 3322 excita·

104 3349 240 3422 vit3
290 3347 750 3432 decretumque
772 3392 788 3420 ‚
833 3363 901 3409 ut
923 3356 1087 3415 circa
1111 3371 1250 3409 eum
1284 3351 1559 3423 deinceps
1589 3358 1755 3407 stato
1785 3349 1887 3405 die
1916 3358 2084 3420 quot.

111 3431 302 3484 annis
348 3428 523 3486 miles
567 3432 949 3501 decurreret,
1010 3429 1471 3507 Galliarumque
1518 3428 1791 3483 civitates
1836 3421 2088 3506 publice

109 3492 557 3578 supplicare-rit.
642 3498 958 3587 Augustus
1011 3501 1293 3583 elogium
1340 3500 1478 3583 ejus
1525 3497 1767 3561 tumulo
1802 3536 1821 3569 ,
1879 3514 2092 3557 versi·

182 3716 265 3769 ea
316 3752 331 3769 .
365 3714 469 3769 v1.
509 3708 684 3768 ovid.
720 3710 794 3767 aa
831 3673 962 3765 mv.
988 3726 1043 3764 v.
1067 3664 1322 3776 892'Va1.
1359 3706 1515 3759 Max.
1545 3700 1719 3757 ovid.
1761 3697 1835 3754 aa
1867 3696 1995 3752 mv.
2032 3710 2093 3752 v.

116 3802 140 3837 ι
224 3822 240 3837 .
271 3732 418 3837 ῗῊο.
458 3783 621 3838 Suet.
665 3781 871 3837 Claud.
911 3799 957 3833 ι.
998 3778 1137 3839 Sen.
1178 3773 1416 3830 Consol.
1454 3772 1527 3827 ad
1562 3775 1749 3827 Marc.
1790 3788 1841 3822 c.
1874 3772 1929 3824 3.
1963 3768 2095 3825 Liv.

111 3853 277 3923 Epit.
337 3852 576 3907 Sueten.
629 3848 764 3909 Tib.
800 3870 856 3919 7.
915 3851 1053 3902 Tac.
1104 3846 1254 3900 Ann.
1287 3844 1354 3909 3,
1388 3845 1442 3897 5.
1516 3842 1663 3921 (Jap.
1695 3839 1827 3919 vn:
1882 3836 2097 3892 Senec-

112 3920 292 3975 Ovid.
334 3920 407 3975 ad
442 3921 568 3974 Liv.
606 3940 665 3974 ν.
693 3928 810 3991 ¹4¹·
841 3928 902 3973 et
941 3935 1056 3983 177.
1097 3916 1233 3968 Tac.
1274 3912 1406 3965 Dio.
1446 3908 1614 3965 0v1d.
1648 3907 1721 3963 ad
1750 3906 1877 3960 Liv.
1900 3923 2098 3972 maon).

108 3989 252 4043 Dio.
299 3990 544 4045 Sueten.
586 3987 792 4043 Claud.
836 4008 882 4042 ι.
955 3985 1104 4055 Cap.
1147 3981 1304 4036 vm.
1362 3977 1537 4034 Ovid.
1564 3989 1640 4037 ‚et
1678 3978 1922 4033 Sueten.
1957 3970 2100 4052 Dio.

107 4058 243 4113 Liv.
296 4059 457 4130 Epit.
497 4057 634 4111 Dio.
677 4059 818 4113 Sen.
858 4058 1046 4111 Cons..
1072 4049 1152 4104 ad·
1180 4051 1367 4105 Marc.
1407 4067 1459 4102 c.
1495 4050 1549 4105 3.
1580 4053 1732 4116 etl..
1776 4044 1901 4099 Liv.
1933 4040 2099 4117 Epnt.

105 4127 277 4182 Flor.
307 4132 339 4196 4
360 4164 377 4197 ,
426 4146 505 4184 n.
549 4126 793 4181 Sueton.
826 4121 1031 4181 Claud.
1059 4142 1111 4178 ι.
1340 4145 1347 4151 ’

2100 2670 2354 2736 fortiter.

2306 2904 2347 2921 “““·ι-ι..
