2675 4642
510 227 601 290 ιΝ
641 226 948 293 Loctm
984 228 1157 291 Lm.
1204 218 1494 296 cxxlv.
1541 228 1790 297 lene
2017 236 2139 306 ιμ’μι

134 443 391 522 litatem
420 441 702 526 relapsi,
746 441 910 505 haec
944 441 1465 526 responderunt:
1510 442 1745 528 Quinta
1765 439 1918 522 fide,
1964 421 2140 524 quan·-¹
2195 437 2489 508 -Πεοετιο,

135 546 296 606 taque
339 528 564 584 virtute
597 525 821 605 sequuti
855 543 1044 605 partes
1086 532 1478 606 imperatorum
1502 527 1820 608 fuerimus,
1882 546 1948 586 ut
1998 525 2142 587 nihil
2195 510 2273 567 Α·
2298 509 2366 571 0⁹
2384 516 2476 582 4²·

134 607 323 680 aliud,
388 606 517 666 baec
541 604 678 686 fitne
714 604 948 667 vulnera
985 606 1167 684 nostra
1186 650 1207 681 ‚
1271 608 1394 669 haec
1429 610 1611 690 inopia
1629 650 1648 680 ‚
1712 627 1875 689 atque
1906 608 2015 690 ipse
2048 608 2135 669 hic

132 688 333 770 infelix·
367 680 655 830 εἱΐῇναίίς
675 687 846 759 locus,
892 693 952 748 in
978 710 1132 770 quem
1160 695 1326 750 coacti
1356 687 1684 772 conclustque
1699 689 1911 772 fiemus,
1955 690 2130 767 osteu-

134 772 284 832 dant.
451 790 511 828 os
551 789 728 830 tamen
766 771 840 831 ad
872 791 1177 830 extremum
1207 768 1485 852 perfistere
1520 778 1580 832 in
1614 770 1882 854 proposito
1914 793 2126 847 certos,

130 873 291 933 neque
329 854 575 910 maxima
593 849 719 932 spes
750 851 814 913 ab
843 852 983 930 hoste
1010 858 1377 932 praemiorum
1397 897 1416 929 ,
1476 875 1644 937 neque
1673 855 2012 925 incommoda
2033 876 2128 919 at-
2194 856 2198 863 ’

104 935 588 1014 ,quediscrimina
628 932 914 1012 durtffima
951 933 1085 995 belli
1100 976 1133 1008 ‚.
1178 955 1433 997 avertere
1465 937 1718 1005 hatenus
1756 956 1917 1016 atque
1949 938 2126 999 dimo..

129 1038 246 1077 vere
282 1020 505 1096 incepto
571 1034 856 1078 otuerunt.
942 1016 1110 1078 Nunc
1144 1039 1275 1078 vero
1291 1062 1308 1093 ‚
1369 1022 1597 1083 tentatis
1633 1017 1876 1081 omnibus
1895 1060 1914 1090 ‚
1957 1039 2125 1099 quae..

129 1118 241 1160 nam
270 1033 568 1179 supet-effe?
596 1102 740 1157 ratio
772 1097 938 1170 belli,
982 1101 1132 1180 quod
1167 1100 1444 1177 confilium
1479 1101 1648 1182 potest
1665 1103 1693 1161 ?
1766 1104 2021 1160 Armisne
2069 1120 2127 1165 et

131 1186 230 1240 acie
258 1200 402 1253 ‘cum
440 1178 650 1239 duobus
685 1181 1106 1261 imperatoribus
1125 1226 1144 1256 ‚
1204 1183 1534 1265 totidemque
1557 1182 1822 1264 felicibus
1858 1201 1912 1241 et
1939 1178 2130 1260 firmis·¹

131 1260 462 1322 exercitibus
480 1303 500 1336 ‚
539 1267 734 1342 pauci,
768 1258 902 1345 feffi
918 1304 937 1336 ,
983 1267 1149 1339 victi,
1194 1264 1647 1347 congrediemur?
1702 1268 1792 1327 Au
1828 1286 1958 1324 vero
1977 1265 2056 1346 fii
2090 1285 2128 1325 a

133 1343 457 1417 dilabemur,
503 1347 664 1403 cincti
690 1344 931 1424 undique
957 1342 1024 1404 ab
1054 1345 1287 1426 hostibus
1323 1364 1485 1428 atque
1512 1345 1956 1407 circumvallati?
2004 1286 2128 1408 λὲσ

26 1436 29 1451 ”
121 1426 320 1509 follere
358 1430 604 1484 intentos
622 1469 640 1500 ‚
687 1448 781 1486 nec
817 1444 1004 1487 arcere
1038 1428 1337 1488 validiores
1368 1427 1661 1511 poffumus.
1747 1430 1828 1488 Et
1848 1470 1865 1501 ‚
1913 1425 1974 1507 fi
2002 1432 2126 1508 quis

122 1509 269 1591 forte
302 1509 476 1568 Deus
508 1527 604 1566 nos
639 1529 709 1577 ex
741 1506 826 1568 his
858 1507 988 1568 locis
1023 1511 1309 1583 educeret,
1369 1526 1476 1591 quo
1505 1509 1839 1591 postmodum
1872 1510 2127 1570 intendess

137 1611 303 1651 remus
340 1594 460 1648 iter
478 1590 506 1647 ?
581 1588 775 1668 Castra
793 1632 811 1663 ‚
840 1586 903 1667 [ι’
927 1591 1167 1651 nondum
1211 1610 1368 1672 capta
1384 1592 1525 1675 sunt
1546 1635 1564 1666 ‚
1607 1590 1921 1671 obsidentur
1955 1612 2123 1655 certe.

149 1674 311 1768 me,
331 1672 411 1730 ad
449 1691 630 1747 mare,
675 1670 807 1735 locis
848 1690 903 1731 et
945 1675 1079 1734 anni
1119 1690 1359 1756 tempore
1399 1670 1508 1735 uo‘u
1533 1668 1762 1759 facilem
1779 1716 1798 1748 ,
1840 1672 2000 1752 bostis
2034 1686 2129 1734 oca

143 1771 364 1835 cupavtt.
2109 1774 2116 1783 ’

243 1913 463 1983 XXV.
527 1917 691 1977 Inter
731 1916 829 1978 has
872 1919 1143 2006 angustias
1172 1916 1404 2002 sperare
1445 1940 1516 1979 ex
1555 1923 1727 1983 arinis
1757 1914 1994 2001 salutem
2036 1924 2128 1982 in-
2172 1928 2503 1995 Nattamsu.

123 1998 268 2081 fimia
316 1998 395 2077 est
415 2043 432 2072 ‚
493 2003 740 2081 experiri
770 2000 968 2081 furor.
1039 2023 1133 2063 nec
1175 2006 1316 2061 enim
1344 1998 1570 2084 ferreos
1616 2006 1819 2061 animos
1839 2044 1856 2075 ‚
1917 2021 2016 2060 aut
2057 2023 2126 2060 ex
2143 2002 2341 2070 μηθ’
2355 2017 2501 2070 spem

135 2101 243 2140 aere
282 2080 527 2141 membra
557 2086 832 2164 gerimus,
894 2105 960 2144 ut
1001 2104 1159 2145 tanta
1197 2102 1426 2164 tamque
1489 2087 1644 2143 ravia
1675 2082 1944 2164 superare
1985 2068 2504 2144 tole-“²¹⁸⁰''st'0'''

134 2164 296 2223 raudo
344 2161 569 2243 poffint.
653 2161 828 2247 Quod
867 2171 1015 2251 exigi
1055 2187 1088 2225 a
1130 2168 1269 2226 viris
1291 2207 1310 2239 ,
1359 2164 1423 2246 Je
1502 2163 1802 2225 hominibus
1821 2209 1839 2239 ,
1896 2170 2083 2246 potuit
2102 2209 2121 2241 ,
2147 2149 2253 2192 ”³⁸

133 2244 392 2306 cumulate
429 2243 798 2325 praestitimus
838 2269 894 2308 et
934 2249 1218 2309 alacriter.
1298 2245 1481 2307 Semel
1519 2264 1626 2306 non
1663 2251 1860 2327 optime
1897 2253 2120 2330 accepti,

133 2347 179 2386 et
210 2326 605 2408 postulavimus
643 2331 847 2387 iterum
883 2350 1119 2414 pugnam
1139 2372 1157 2403 ,
1230 2346 1285 2388 et
1327 2348 1442 2388 eam
1484 2329 1823 2388 exhibuimus
1862 2348 2078 2411 operam
2097 2328 2118 2406 ,’

133 2430 277 2489 quam
321 2409 482 2469 modo
522 2408 854 2472 laudabaris.
927 2413 1196 2496 legionum
1241 2430 1480 2492 quatuor
1506 2407 1666 2493 signa
1709 2415 1875 2494 magis
1896 2455 1913 2483 ‚
1960 2433 2122 2492 quam

133 2492 364 2563 milites3
421 2489 604 2569 sumus
624 2514 642 2551 .·
703 2494 804 2553 vix
845 2493 1097 2557 dimidia·
1119 2511 1253 2574 pars
1294 2511 1638 2553 armatorum
1680 2492 1924 2575 superest
1941 2537 1960 2567 ‚
2022 2514 2078 2554 et
2097 2537 2118 2570 ‚

38 2636 47 2644 ,
131 2578 213 2653 qui
248 2574 514 2634 hactenus
557 2574 797 2656 effugere
827 2575 1016 2658 fatum
1039 2618 1058 2650 ‚
1100 2574 1424 2637 vulneribus
1466 2594 1520 2635 et
1560 2573 1746 2637 labore
1784 2576 2016 2649 domiti,
2064 2599 2120 2638 et
2206 2582 2209 2586 ’

131 2655 544 2717 commilitonum
583 2659 820 2718 interitu
836 2700 855 2732 ,
917 2679 1086 2740 neque
1124 2676 1353 2740 corpora
1392 2657 1576 2719 eadem
1616 2659 1692 2717 ad
1730 2679 1926 2719 novum
1966 2658 2121 2720 labo-

129 2758 231 2797 rem
264 2737 502 2820 adferre
518 2779 537 2811 ‚
602 2758 770 2819 neque
794 2744 1014 2801 ⁴animos
1052 2757 1376 2822 potueruut.
1481 2739 1638 2799 Num
1692 2757 1890 2820 parum
1945 2740 2120 2809 adhuc

127 2817 351 2879 Romani
393 2819 680 2901 sanguinis
736 2838 836 2902 per
891 2823 986 2884 hos
1037 2842 1206 2884 annos
1238 2821 1431 2904 fissum
1472 2820 1595 2898 est?
1665 2843 1766 2881 cur
1808 2822 1902 2881 hae
1943 2823 2119 2885 adhuc

34 2966 43 2972 ,
128 2901 383 2987 reliquiae
429 2903 730 2983 poscuntur
748 2904 776 2962 ?
839 2926 938 2967 cur
988 2905 1144 2969 'tullo
1192 2921 1385 2983 operae
1435 2905 1618 2982 pretio
1657 2902 1902 2983 publicae
1943 2902 2119 2967 cladis

128 2988 411 3043 temeraria
453 2981 664 3062 acceffio
699 2982 868 3063 fimus
884 2988 914 3047 ,Ρ
972 2988 1167 3048 Etiam
1201 2985 1456 3067 Magnus
1501 2983 1600 3043 ille
1639 2984 1930 3066 Pompejus
1970 2987 2117 3049 For-

128 3085 280 3135 tunae
316 3062 468 3144 ceffit
488 3107 504 3137 ‚
549 3086 717 3146 neque
745 3067 969 3149 servari
1011 3074 1189 3130 vetuit
1206 3110 1225 3142 ,
1271 3086 1403 3147 quos
1440 3064 1557 3147 post
1588 3061 1807 3143 fidelem
1826 3108 1845 3140 ‚
1882 3067 1987 3148 sed
2025 3073 2119 3131 in-

98 3146 326 3227 'felicem
349 3190 367 3222 ‚
411 3165 628 3228 operam
670 3150 876 3229 majore
901 3149 1126 3234 flagitio
1155 3151 1309 3233 suos
1337 3168 1502 3227 quam
1544 3146 1676 3229 ufic,
1723 3149 1942 3208 videbat
1986 3167 2118 3229 per-

127 3233 315 3290 ituros.
421 3229 743 3291 Avunculus
783 3233 999 3311 quidem
1035 3234 1383 3315 imperatoris
1430 3230 1568 3305 Cato
1588 3270 1608 3302 ‚
1663 3229 1937 3311 postquam
1969 3233 2116 3313 fru-

116 3311 226 3387 stra
265 3312 525 3372 dimicari
568 3331 762 3371 contra
790 3313 1028 3396 fatalem
1065 3316 1366 3396 potentiam
1397 3308 1567 3394 Jenfi't
1583 3352 1602 3384 ‚
1647 3312 1781 3371 adeo
1821 3334 1927 3373 non
1964 3313 2114 3394 obje-

50 3454 64 3467 χ
126 3396 191 3452 cit
226 3392 475 3481 periculo
505 3392 636 3475 suos
654 3441 673 3471 ,
715 3414 780 3454 ut
819 3401 1002 3477 potius
1040 3398 1150 3478 ipse
1193 3412 1507 3454 moreretur
1525 3435 1544 3467 ,
1590 3413 1751 3477 quam
1784 3412 2019 3475 propter
2049 3395 2114 3476 se

126 3480 251 3534 mori
282 3487 622 3556 quemquam,
669 3475 800 3537 licet
835 3499 899 3538 ro
932 3483 1147 3541 antium
1177 3475 1652 3563 offerentiumque,
1681 3470 1915 3556 flueret.
1977 3478 2113 3539 Sae-

119 3572 181 3636 pe
219 3556 393 3634 nostri
436 3562 712 3618 exercitus
731 3601 751 3634 ,
819 3500 1127 3621 calgamitate
1162 3557 1384 3642 subacti
1405 3599 1423 3630 ,
1498 3556 1731 3635 hostibus
1769 3562 2015 3620 externis
2048 3558 2114 3641 fi,-

125 3638 472 3700 dediderunt.
556 3639 671 3701 Hic
723 3640 879 3703 nullo
924 3640 1158 3705 Romani
1212 3644 1444 3700 nominis
1502 3639 1712 3720 pudore
1765 3640 1972 3703 civibus
2013 3664 2112 3703 nos

125 3722 386 3781 tradimus
405 3764 423 3795 ‚
472 3716 745 3802 servandi
781 3725 996 3807 cupidis
1012 3767 1031 3799 ‚
1076 3742 1135 3785 et
1174 3741 1394 3802 aequam
1435 3721 1659 3783 vivendi
1686 3720 1895 3803 sortem
1926 3722 2111 3804 ficum

125 3802 355 3865 daturis.
442 3803 606 3864 Haric
641 3805 1017 3882 conditionem,
1069 3826 1183 3866 tam
1212 3823 1268 3864 et
1301 3802 1612 3885 oPtahilem‚
1653 3821 1710 3863 et
1742 3804 2107 3886 necessariam,

120 3881 270 3965 jarius
311 3885 514 3966 aliquis
556 3884 918 3968 adspernetur
934 3893 963 3952 .'
1028 3889 1199 3950 Certe
1239 3889 1571 3966 imperator,
1614 3900 1718 3966 pro
1746 3886 1853 3968 sua
1893 3885 2109 3950 virtute

129 3983 271 4045 atque
299 3967 366 4049 fii
406 3971 580 4029 ientia
600 4009 619 4041 ‚
665 3967 778 4048 sibi
815 3968 1090 4053 confilium
1130 3972 1303 4050 capiet
1318 3989 1336 4026 .·
1398 3989 1496 4028 nos
1537 3966 1826 4050 meminiffie
1859 3975 2101 4054 patriae,

130 4052 326 4110 memini
373 4072 401 4111 e
440 4049 744 4115 liberorum
786 4074 948 4138 atque
985 4055 1270 4140 conjugum
1308 4052 1577 4134 patietur.
