<?xml version="1.0" encoding="UTF-8"?>
<!DOCTYPE html PUBLIC "-//W3C//DTD XHTML 1.0 Transitional//EN"
    "http://www.w3.org/TR/xhtml1/DTD/xhtml1-transitional.dtd">
<html xmlns="http://www.w3.org/1999/xhtml" xml:lang="en" lang="en">
 <head>
  <title>
</title>
<meta http-equiv="Content-Type" content="text/html;charset=utf-8" />
  <meta name='ocr-system' content='tesseract 3.04.00' />
  <meta name='ocr-capabilities' content='ocr_page ocr_carea ocr_par ocr_line ocrx_word'/>
</head>
<body>
  <div class='ocr_page' id='page_1' title='image "./tliviipatavinih18unkngoog_0175.png"; bbox 0 0 2675 4642; ppageno 0'>
   <div class='ocr_carea' id='block_1_1' title="bbox 16 343 23 704">
    <p class='ocr_par' dir='ltr' id='par_1_1' title="bbox 16 343 23 704">
     <span class='ocr_line' id='line_1_1' title="bbox 16 343 23 704; baseline 0 3938"><span class='ocrx_word' id='word_1_1' title='bbox 16 343 23 704; x_wconf 95' lang='lat' dir='ltr'><strong> </strong></span> 
     </span>
    </p>
   </div>
   <div class='ocr_carea' id='block_1_2' title="bbox 540 250 2158 330">
    <p class='ocr_par' dir='ltr' id='par_1_2' title="bbox 540 250 2158 330">
     <span class='ocr_line' id='line_1_2' title="bbox 540 250 2158 330; baseline -0.002 -15"><span class='ocrx_word' id='word_1_2' title='bbox 540 254 634 315; x_wconf 79' lang='lat' dir='ltr'><strong>m</strong></span> <span class='ocrx_word' id='word_1_3' title='bbox 675 250 990 316; x_wconf 78' lang='lat' dir='ltr'><strong>Locmlt</strong></span> <span class='ocrx_word' id='word_1_4' title='bbox 1034 250 1201 317; x_wconf 80' lang='lat' dir='ltr'><strong>Lm.</strong></span> <span class='ocrx_word' id='word_1_5' title='bbox 1237 251 1470 322; x_wconf 76' lang='lat' dir='ltr'><strong>cxlv.</strong></span> <span class='ocrx_word' id='word_1_6' title='bbox 1513 251 1748 318; x_wconf 79' lang='lat' dir='ltr'><strong>mvn.</strong></span> <span class='ocrx_word' id='word_1_7' title='bbox 2039 250 2158 330; x_wconf 72' lang='lat'><strong>1⁶7</strong></span> 
     </span>
    </p>
   </div>
   <div class='ocr_carea' id='block_1_3' title="bbox 123 462 2159 960">
    <p class='ocr_par' dir='ltr' id='par_1_3' title="bbox 123 462 2159 960">
     <span class='ocr_line' id='line_1_3' title="bbox 123 462 2158 547; baseline 0 -21"><span class='ocrx_word' id='word_1_8' title='bbox 123 466 245 527; x_wconf 82' lang='lat' dir='ltr'><strong>bus</strong></span> <span class='ocrx_word' id='word_1_9' title='bbox 282 484 514 534; x_wconf 86' lang='lat' dir='ltr'><strong>mare,</strong></span> <span class='ocrx_word' id='word_1_10' title='bbox 581 462 974 525; x_wconf 83' lang='lat' dir='ltr'><strong>circumiret</strong></span> <span class='ocrx_word' id='word_1_11' title='bbox 1004 462 1319 524; x_wconf 83' lang='lat' dir='ltr'><strong>Africam.</strong></span> <span class='ocrx_word' id='word_1_12' title='bbox 1406 465 1478 526; x_wconf 87' lang='lat' dir='ltr'><strong>C.</strong></span> <span class='ocrx_word' id='word_1_13' title='bbox 1519 462 1851 527; x_wconf 82' lang='lat' dir='ltr'><strong>Sallustius</strong></span> <span class='ocrx_word' id='word_1_14' title='bbox 1888 480 2158 547; x_wconf 84' lang='lat' dir='ltr'><strong>praetor</strong></span> 
     </span>
     <span class='ocr_line' id='line_1_4' title="bbox 129 544 2157 634; baseline 0.001 -26"><span class='ocrx_word' id='word_1_15' title='bbox 129 566 270 609; x_wconf 89' lang='lat' dir='ltr'><strong>cum</strong></span> <span class='ocrx_word' id='word_1_16' title='bbox 308 559 508 629; x_wconf 85' lang='lat' dir='ltr'><strong>parte</strong></span> <span class='ocrx_word' id='word_1_17' title='bbox 543 547 809 634; x_wconf 69' lang='lat' dir='ltr'><strong>navium</strong></span> <span class='ocrx_word' id='word_1_18' title='bbox 835 546 1191 623; x_wconf 58' lang='lat' dir='ltr'><strong>Cercinam⁵</strong></span> <span class='ocrx_word' id='word_1_19' title='bbox 1221 544 1324 606; x_wconf 87' lang='lat' dir='ltr'><strong>ire</strong></span> <span class='ocrx_word' id='word_1_20' title='bbox 1359 544 1557 626; x_wconf 77' lang='lat' dir='ltr'><strong>juss&#39;us</strong></span> <span class='ocrx_word' id='word_1_21' title='bbox 1580 591 1596 618; x_wconf 90' lang='lat'><strong>,</strong></span> <span class='ocrx_word' id='word_1_22' title='bbox 1647 568 1812 632; x_wconf 87' lang='lat' dir='ltr'><strong>quae</strong></span> <span class='ocrx_word' id='word_1_23' title='bbox 1848 549 1927 607; x_wconf 88' lang='lat' dir='ltr'><strong>ab</strong></span> <span class='ocrx_word' id='word_1_24' title='bbox 1962 547 2157 610; x_wconf 79' lang='lat' dir='ltr'><strong>hosti·</strong></span> 
     </span>
     <span class='ocr_line' id='line_1_5' title="bbox 131 626 2159 710; baseline 0.002 -20"><span class='ocrx_word' id='word_1_25' title='bbox 131 629 245 691; x_wconf 81' lang='lat' dir='ltr'><strong>bus</strong></span> <span class='ocrx_word' id='word_1_26' title='bbox 277 627 685 700; x_wconf 79' lang='lat' dir='ltr'><strong>tenebatur,</strong></span> <span class='ocrx_word' id='word_1_27' title='bbox 733 627 845 690; x_wconf 90' lang='lat' dir='ltr'><strong>ubi</strong></span> <span class='ocrx_word' id='word_1_28' title='bbox 882 648 1107 710; x_wconf 82' lang='lat' dir='ltr'><strong>magna</strong></span> <span class='ocrx_word' id='word_1_29' title='bbox 1142 626 1486 689; x_wconf 77' lang='lat' dir='ltr'><strong>dicebatur</strong></span> <span class='ocrx_word' id='word_1_30' title='bbox 1527 631 1654 692; x_wconf 78' lang='lat' dir='ltr'><strong>effe</strong></span> <span class='ocrx_word' id='word_1_31' title='bbox 1697 630 2007 692; x_wconf 73' lang='lat' dir='ltr'><strong>frumenti</strong></span> <span class='ocrx_word' id='word_1_32' title='bbox 2046 651 2159 696; x_wconf 84' lang='lat' dir='ltr'><strong>co-</strong></span> 
     </span>
     <span class='ocr_line' id='line_1_6' title="bbox 143 709 2157 795; baseline 0.001 -25"><span class='ocrx_word' id='word_1_33' title='bbox 143 711 255 795; x_wconf 84' lang='lat' dir='ltr'><strong>pia.</strong></span> <span class='ocrx_word' id='word_1_34' title='bbox 341 711 542 771; x_wconf 88' lang='lat' dir='ltr'><strong>Haec</strong></span> <span class='ocrx_word' id='word_1_35' title='bbox 582 711 672 772; x_wconf 89' lang='lat' dir='ltr'><strong>ita</strong></span> <span class='ocrx_word' id='word_1_36' title='bbox 706 709 1230 791; x_wconf 78' lang='lat' dir='ltr'><strong>imperabantur,</strong></span> <span class='ocrx_word' id='word_1_37' title='bbox 1274 723 1346 769; x_wconf 90' lang='lat' dir='ltr'><strong>ut</strong></span> <span class='ocrx_word' id='word_1_38' title='bbox 1376 710 1793 795; x_wconf 86' lang='lat' dir='ltr'><strong>suscipienda</strong></span> <span class='ocrx_word' id='word_1_39' title='bbox 1827 712 1968 774; x_wconf 89' lang='lat' dir='ltr'><strong>sine</strong></span> <span class='ocrx_word' id='word_1_40' title='bbox 1999 733 2157 773; x_wconf 90' lang='lat' dir='ltr'><strong>con-</strong></span> 
     </span>
     <span class='ocr_line' id='line_1_7' title="bbox 144 790 2157 880; baseline 0.002 -26"><span class='ocrx_word' id='word_1_41' title='bbox 144 794 423 863; x_wconf 87' lang='lat' dir='ltr'><strong>ditione,</strong></span> <span class='ocrx_word' id='word_1_42' title='bbox 498 806 702 874; x_wconf 86' lang='lat' dir='ltr'><strong>atque</strong></span> <span class='ocrx_word' id='word_1_43' title='bbox 753 790 1167 875; x_wconf 86' lang='lat' dir='ltr'><strong>exsequenda</strong></span> <span class='ocrx_word' id='word_1_44' title='bbox 1222 791 1368 851; x_wconf 89' lang='lat' dir='ltr'><strong>sine</strong></span> <span class='ocrx_word' id='word_1_45' title='bbox 1410 814 1588 855; x_wconf 84' lang='lat' dir='ltr'><strong>mora</strong></span> <span class='ocrx_word' id='word_1_46' title='bbox 1630 793 1869 869; x_wconf 82' lang='lat' dir='ltr'><strong>ess&#39;ent3</strong></span> <span class='ocrx_word' id='word_1_47' title='bbox 1941 816 2157 880; x_wconf 85' lang='lat' dir='ltr'><strong>neque</strong></span> 
     </span>
     <span class='ocr_line' id='line_1_8' title="bbox 139 871 1939 960; baseline 0.001 -23"><span class='ocrx_word' id='word_1_48' title='bbox 139 876 256 938; x_wconf 80' lang='lat' dir='ltr'><strong>uua</strong></span> <span class='ocrx_word' id='word_1_49' title='bbox 293 874 693 946; x_wconf 78' lang='lat' dir='ltr'><strong>excusatio,</strong></span> <span class='ocrx_word' id='word_1_50' title='bbox 738 871 888 935; x_wconf 87' lang='lat' dir='ltr'><strong>fieri</strong></span> <span class='ocrx_word' id='word_1_51' title='bbox 928 874 1137 957; x_wconf 78' lang='lat' dir='ltr'><strong>poss&#39;et</strong></span> <span class='ocrx_word' id='word_1_52' title='bbox 1178 892 1427 947; x_wconf 91' lang='lat' dir='ltr'><strong>necne,</strong></span> <span class='ocrx_word' id='word_1_53' title='bbox 1474 875 1939 960; x_wconf 81' lang='lat' dir='ltr'><strong>recipiebatur.</strong></span> 
     </span>
    </p>
   </div>
   <div class='ocr_carea' id='block_1_4' title="bbox 2212 456 2467 594">
    <p class='ocr_par' dir='ltr' id='par_1_4' title="bbox 2212 456 2467 594">
     <span class='ocr_line' id='line_1_9' title="bbox 2212 456 2289 582; textangle 90"><span class='ocrx_word' id='word_1_54' title='bbox 2212 456 2289 582; x_wconf 53' lang='grc' dir='ltr'><strong>*ἒς</strong></span> 
     </span>
     <span class='ocr_line' id='line_1_10' title="bbox 2309 473 2379 581; textangle 90"><span class='ocrx_word' id='word_1_55' title='bbox 2309 473 2379 581; x_wconf 66' lang='lat'><strong>,09</strong></span> 
     </span>
     <span class='ocr_line' id='line_1_11' title="bbox 2396 527 2467 594; textangle 90"><span class='ocrx_word' id='word_1_56' title='bbox 2396 527 2467 594; x_wconf 60' lang='grc' dir='ltr'><strong>*ὅ</strong></span> 
     </span>
    </p>
   </div>
   <div class='ocr_carea' id='block_1_5' title="bbox 134 983 2536 2381">
    <p class='ocr_par' dir='ltr' id='par_1_5' title="bbox 134 983 2536 2156">
     <span class='ocr_line' id='line_1_12' title="bbox 252 983 2536 1091; baseline 0.001 -22"><span class='ocrx_word' id='word_1_57' title='bbox 252 1008 368 1069; x_wconf 84' lang='lat' dir='ltr'><strong>Vl.</strong></span> <span class='ocrx_word' id='word_1_58' title='bbox 434 1009 632 1067; x_wconf 86' lang='lat' dir='ltr'><strong>Inter</strong></span> <span class='ocrx_word' id='word_1_59' title='bbox 670 1005 870 1079; x_wconf 82' lang='lat' dir='ltr'><strong>haec,</strong></span> <span class='ocrx_word' id='word_1_60' title='bbox 919 1020 1230 1089; x_wconf 87' lang='lat' dir='ltr'><strong>occupata</strong></span> <span class='ocrx_word' id='word_1_61' title='bbox 1263 1006 1728 1090; x_wconf 87' lang='lat' dir='ltr'><strong>praesidioque</strong></span> <span class='ocrx_word' id='word_1_62' title='bbox 1765 1025 1881 1068; x_wconf 78' lang='lat' dir='ltr'><strong>sex</strong></span> <span class='ocrx_word' id='word_1_63' title='bbox 1920 983 2157 1069; x_wconf 59' lang='lat' dir='ltr'><strong>cohor·</strong></span> <span class='ocrx_word' id='word_1_64' title='bbox 2218 1015 2435 1091; x_wconf 64' lang='lat' dir='ltr'><strong>Lepsia</strong></span> <span class='ocrx_word' id='word_1_65' title='bbox 2453 1033 2536 1072; x_wconf 76' lang='lat' dir='ltr'><strong>oe-</strong></span> 
     </span>
     <span class='ocr_line' id='line_1_13' title="bbox 134 1086 2372 1171; baseline 0.001 -22"><span class='ocrx_word' id='word_1_66' title='bbox 134 1088 286 1150; x_wconf 82' lang='lat' dir='ltr'><strong>tium</strong></span> <span class='ocrx_word' id='word_1_67' title='bbox 328 1086 605 1148; x_wconf 86' lang='lat' dir='ltr'><strong>firmata</strong></span> <span class='ocrx_word' id='word_1_68' title='bbox 640 1088 876 1171; x_wconf 81' lang='lat' dir='ltr'>Lepti,</span> <span class='ocrx_word' id='word_1_69' title='bbox 935 1089 1294 1171; x_wconf 81' lang='lat' dir='ltr'><strong>Ruspinam</strong></span> <span class='ocrx_word' id='word_1_70' title='bbox 1333 1089 1700 1171; x_wconf 71' lang='lat' dir='ltr'><strong>regi-effus,</strong></span> <span class='ocrx_word' id='word_1_71' title='bbox 1761 1088 2156 1152; x_wconf 80' lang='lat' dir='ltr'><strong>frumentum</strong></span> <span class='ocrx_word' id='word_1_72' title='bbox 2182 1098 2372 1161; x_wconf 74' lang='lat' dir='ltr'><strong>cupae.</strong></span> 
     </span>
     <span class='ocr_line' id='line_1_14' title="bbox 134 1170 2157 1254; baseline 0 -22"><span class='ocrx_word' id='word_1_73' title='bbox 134 1171 199 1232; x_wconf 84' lang='lat' dir='ltr'><strong>in</strong></span> <span class='ocrx_word' id='word_1_74' title='bbox 230 1170 413 1254; x_wconf 81' lang='lat' dir='ltr'><strong>agris</strong></span> <span class='ocrx_word' id='word_1_75' title='bbox 450 1185 828 1253; x_wconf 86' lang='lat' dir='ltr'><strong>repertum,</strong></span> <span class='ocrx_word' id='word_1_76' title='bbox 870 1190 1294 1254; x_wconf 79' lang='lat' dir='ltr'><strong>magnamque</strong></span> <span class='ocrx_word' id='word_1_77' title='bbox 1328 1170 1658 1253; x_wconf 82' lang='lat' dir='ltr'><strong>lignorum</strong></span> <span class='ocrx_word' id='word_1_78' title='bbox 1693 1172 1824 1231; x_wconf 78' lang='lat' dir='ltr'><strong>vim</strong></span> <span class='ocrx_word' id='word_1_79' title='bbox 1852 1192 2157 1254; x_wconf 88' lang='lat' dir='ltr'><strong>compor-</strong></span> 
     </span>
     <span class='ocr_line' id='line_1_15' title="bbox 139 1251 2157 1337; baseline 0 -24"><span class='ocrx_word' id='word_1_80' title='bbox 139 1254 254 1313; x_wconf 82' lang='lat' dir='ltr'><strong>tari</strong></span> <span class='ocrx_word' id='word_1_81' title='bbox 295 1254 366 1312; x_wconf 90' lang='lat' dir='ltr'><strong>in</strong></span> <span class='ocrx_word' id='word_1_82' title='bbox 410 1251 744 1335; x_wconf 87' lang='lat' dir='ltr'><strong>oppidum</strong></span> <span class='ocrx_word' id='word_1_83' title='bbox 780 1251 979 1329; x_wconf 86' lang='lat' dir='ltr'><strong>jubet.</strong></span> <span class='ocrx_word' id='word_1_84' title='bbox 1055 1251 1199 1334; x_wconf 89' lang='lat' dir='ltr'><strong>ipse</strong></span> <span class='ocrx_word' id='word_1_85' title='bbox 1238 1252 1319 1313; x_wconf 92' lang='lat' dir='ltr'><strong>de</strong></span> <span class='ocrx_word' id='word_1_86' title='bbox 1359 1253 1518 1324; x_wconf 86' lang='lat' dir='ltr'><strong>suis,</strong></span> <span class='ocrx_word' id='word_1_87' title='bbox 1611 1253 1677 1313; x_wconf 83' lang='lat' dir='ltr'><strong>ui</strong></span> <span class='ocrx_word' id='word_1_88' title='bbox 1719 1254 2006 1314; x_wconf 90' lang='lat' dir='ltr'><strong>nondum</strong></span> <span class='ocrx_word' id='word_1_89' title='bbox 2043 1276 2157 1337; x_wconf 84' lang='lat' dir='ltr'><strong>ap-</strong></span> 
     </span>
     <span class='ocr_line' id='line_1_16' title="bbox 140 1332 2154 1417; baseline 0.002 -24"><span class='ocrx_word' id='word_1_90' title='bbox 140 1335 438 1417; x_wconf 79' lang='lat' dir='ltr'><strong>pulerant</strong></span> <span class='ocrx_word' id='word_1_91' title='bbox 463 1376 481 1404; x_wconf 91' lang='lat'>‚</span> <span class='ocrx_word' id='word_1_92' title='bbox 546 1332 879 1394; x_wconf 82' lang='lat' dir='ltr'><strong>sollicitus</strong></span> <span class='ocrx_word' id='word_1_93' title='bbox 919 1353 1064 1394; x_wconf 89' lang='lat' dir='ltr'><strong>cum</strong></span> <span class='ocrx_word' id='word_1_94' title='bbox 1101 1348 1356 1417; x_wconf 81' lang='lat' dir='ltr'><strong>septem</strong></span> <span class='ocrx_word' id='word_1_95' title='bbox 1389 1332 1576 1394; x_wconf 87' lang='lat' dir='ltr'><strong>admo</strong></span> <span class='ocrx_word' id='word_1_96' title='bbox 1627 1356 1730 1394; x_wconf 91' lang='lat' dir='ltr'><strong>um</strong></span> <span class='ocrx_word' id='word_1_97' title='bbox 1769 1336 2154 1406; x_wconf 77' lang='lat' dir='ltr'><strong>cohortibus</strong></span> 
     </span>
     <span class='ocr_line' id='line_1_17' title="bbox 136 1415 2234 1499; baseline 0.001 -23"><span class='ocrx_word' id='word_1_98' title='bbox 136 1418 300 1477; x_wconf 87' lang='lat' dir='ltr'><strong>circa</strong></span> <span class='ocrx_word' id='word_1_99' title='bbox 353 1435 726 1499; x_wconf 83' lang='lat' dir='ltr'><strong>vesperam</strong></span> <span class='ocrx_word' id='word_1_100' title='bbox 781 1415 1167 1476; x_wconf 80' lang='lat' dir='ltr'><strong>conscendit</strong></span> <span class='ocrx_word' id='word_1_101' title='bbox 1214 1435 1451 1487; x_wconf 78' lang='lat' dir='ltr'><strong>naves,</strong></span> <span class='ocrx_word' id='word_1_102' title='bbox 1521 1435 1753 1499; x_wconf 81' lang='lat' dir='ltr'><strong>magno</strong></span> <span class='ocrx_word' id='word_1_103' title='bbox 1797 1436 1943 1477; x_wconf 87' lang='lat' dir='ltr'><strong>cum</strong></span> <span class='ocrx_word' id='word_1_104' title='bbox 1976 1430 2155 1478; x_wconf 86' lang='lat' dir='ltr'><strong>metu</strong></span> <span class='ocrx_word' id='word_1_105' title='bbox 2227 1431 2234 1436; x_wconf 90' lang='grc'><em>“</em></span> 
     </span>
     <span class='ocr_line' id='line_1_18' title="bbox 140 1495 2156 1580; baseline 0 -22"><span class='ocrx_word' id='word_1_106' title='bbox 140 1518 351 1558; x_wconf 87' lang='lat' dir='ltr'><strong>eorum</strong></span> <span class='ocrx_word' id='word_1_107' title='bbox 379 1540 399 1566; x_wconf 90' lang='lat'><strong>,</strong></span> <span class='ocrx_word' id='word_1_108' title='bbox 471 1499 594 1578; x_wconf 89' lang='lat' dir='ltr'><strong>qui</strong></span> <span class='ocrx_word' id='word_1_109' title='bbox 620 1539 636 1564; x_wconf 87' lang='lat'><strong>,</strong></span> <span class='ocrx_word' id='word_1_110' title='bbox 699 1517 846 1556; x_wconf 87' lang='lat' dir='ltr'><strong>cum</strong></span> <span class='ocrx_word' id='word_1_111' title='bbox 888 1496 1113 1580; x_wconf 87' lang='lat' dir='ltr'><strong>paucis</strong></span> <span class='ocrx_word' id='word_1_112' title='bbox 1157 1495 1486 1559; x_wconf 83' lang='lat' dir='ltr'><strong>tironibus</strong></span> <span class='ocrx_word' id='word_1_113' title='bbox 1525 1510 1752 1558; x_wconf 87' lang='lat' dir='ltr'><strong>contra</strong></span> <span class='ocrx_word' id='word_1_114' title='bbox 1793 1497 2156 1560; x_wconf 85' lang='lat' dir='ltr'><strong>incredibi-</strong></span> 
     </span>
     <span class='ocr_line' id='line_1_19' title="bbox 139 1577 2155 1663; baseline 0.002 -25"><span class='ocrx_word' id='word_1_115' title='bbox 139 1579 255 1640; x_wconf 85' lang='lat' dir='ltr'><strong>lem</strong></span> <span class='ocrx_word' id='word_1_116' title='bbox 289 1577 800 1639; x_wconf 82' lang='lat' dir='ltr'><strong>multitudinem</strong></span> <span class='ocrx_word' id='word_1_117' title='bbox 835 1577 1107 1639; x_wconf 83' lang='lat' dir='ltr'><strong>hostium</strong></span> <span class='ocrx_word' id='word_1_118' title='bbox 1137 1587 1218 1641; x_wconf 82' lang='lat' dir='ltr'><strong>ex</strong></span> <span class='ocrx_word' id='word_1_119' title='bbox 1267 1577 1458 1648; x_wconf 91' lang='lat' dir='ltr'><strong>ositi‚</strong></span> <span class='ocrx_word' id='word_1_120' title='bbox 1507 1580 1583 1640; x_wconf 83' lang='lat' dir='ltr'><strong>ab</strong></span> <span class='ocrx_word' id='word_1_121' title='bbox 1617 1579 2013 1663; x_wconf 78' lang='lat' dir='ltr'><strong>imperatore</strong></span> <span class='ocrx_word' id='word_1_122' title='bbox 2045 1600 2155 1642; x_wconf 83' lang='lat' dir='ltr'><strong>re·</strong></span> 
     </span>
     <span class='ocr_line' id='line_1_20' title="bbox 142 1601 2154 1748; baseline 0.001 -28"><span class='ocrx_word' id='word_1_123' title='bbox 142 1661 636 1743; x_wconf 84' lang='lat' dir='ltr'><strong>linquebantur.</strong></span> <span class='ocrx_word' id='word_1_124' title='bbox 740 1659 874 1721; x_wconf 86' lang='lat' dir='ltr'><strong>Sed</strong></span> <span class='ocrx_word' id='word_1_125' title='bbox 911 1659 1171 1722; x_wconf 79' lang='lat' dir='ltr'><strong>fortuna</strong></span> <span class='ocrx_word' id='word_1_126' title='bbox 1202 1601 1504 1722; x_wconf 55' lang='lat' dir='ltr'><strong>gaesa-is</strong></span> <span class='ocrx_word' id='word_1_127' title='bbox 1545 1661 1654 1723; x_wconf 90' lang='lat' dir='ltr'><strong>hic</strong></span> <span class='ocrx_word' id='word_1_128' title='bbox 1696 1682 1957 1748; x_wconf 88' lang='lat' dir='ltr'><strong>quoque</strong></span> <span class='ocrx_word' id='word_1_129' title='bbox 1996 1683 2154 1745; x_wconf 88' lang='lat' dir='ltr'><strong>pro-</strong></span> 
     </span>
     <span class='ocr_line' id='line_1_21' title="bbox 142 1740 2157 1836; baseline 0.001 -34"><span class='ocrx_word' id='word_1_130' title='bbox 142 1742 290 1805; x_wconf 73' lang='lat' dir='ltr'><strong>vidit</strong></span> <span class='ocrx_word' id='word_1_131' title='bbox 327 1743 692 1804; x_wconf 79' lang='lat' dir='ltr'><strong>celeriter.</strong></span> <span class='ocrx_word' id='word_1_132' title='bbox 781 1740 1021 1836; x_wconf 79' lang='lat' dir='ltr'><strong>Quum,</strong></span> <span class='ocrx_word' id='word_1_133' title='bbox 1063 1764 1187 1802; x_wconf 87' lang='lat' dir='ltr'><strong>una</strong></span> <span class='ocrx_word' id='word_1_134' title='bbox 1220 1757 1420 1803; x_wconf 83' lang='lat' dir='ltr'><strong>nocte</strong></span> <span class='ocrx_word' id='word_1_135' title='bbox 1454 1759 1834 1827; x_wconf 87' lang='lat' dir='ltr'><strong>consumpta</strong></span> <span class='ocrx_word' id='word_1_136' title='bbox 1867 1746 1937 1804; x_wconf 92' lang='lat' dir='ltr'><strong>in</strong></span> <span class='ocrx_word' id='word_1_137' title='bbox 1971 1743 2157 1805; x_wconf 85' lang='lat' dir='ltr'><strong>navi-</strong></span> 
     </span>
     <span class='ocr_line' id='line_1_22' title="bbox 148 1822 2155 1908; baseline 0.001 -24"><span class='ocrx_word' id='word_1_138' title='bbox 148 1823 280 1896; x_wconf 85' lang='lat' dir='ltr'><strong>bus,</strong></span> <span class='ocrx_word' id='word_1_139' title='bbox 326 1823 463 1904; x_wconf 88' lang='lat' dir='ltr'><strong>jam</strong></span> <span class='ocrx_word' id='word_1_140' title='bbox 498 1825 656 1884; x_wconf 85' lang='lat' dir='ltr'><strong>luce</strong></span> <span class='ocrx_word' id='word_1_141' title='bbox 692 1825 901 1906; x_wconf 83' lang='lat' dir='ltr'><strong>prima</strong></span> <span class='ocrx_word' id='word_1_142' title='bbox 936 1822 1357 1886; x_wconf 74' lang='lat' dir='ltr'><strong>constituiss&#39;et</strong></span> <span class='ocrx_word' id='word_1_143' title='bbox 1390 1825 1529 1886; x_wconf 82' lang='lat' dir='ltr'><strong>vela</strong></span> <span class='ocrx_word' id='word_1_144' title='bbox 1560 1824 1818 1897; x_wconf 81' lang='lat' dir='ltr'><strong>facere,</strong></span> <span class='ocrx_word' id='word_1_145' title='bbox 1878 1839 2155 1908; x_wconf 80' lang='lat' dir='ltr'><strong>repente</strong></span> 
     </span>
     <span class='ocr_line' id='line_1_23' title="bbox 152 1906 2159 1991; baseline 0.002 -26"><span class='ocrx_word' id='word_1_146' title='bbox 152 1908 429 1991; x_wconf 84' lang='lat' dir='ltr'><strong>apparuit</strong></span> <span class='ocrx_word' id='word_1_147' title='bbox 491 1906 756 1976; x_wconf 73' lang='lat' dir='ltr'><strong>classis,</strong></span> <span class='ocrx_word' id='word_1_148' title='bbox 824 1926 1012 1989; x_wconf 89' lang='lat' dir='ltr'><strong>quam</strong></span> <span class='ocrx_word' id='word_1_149' title='bbox 1071 1907 1451 1990; x_wconf 87' lang='lat' dir='ltr'><strong>quaerebat.</strong></span> <span class='ocrx_word' id='word_1_150' title='bbox 1549 1907 1814 1990; x_wconf 86' lang='lat' dir='ltr'><strong>Itaque,</strong></span> <span class='ocrx_word' id='word_1_151' title='bbox 1877 1910 2159 1969; x_wconf 84' lang='lat' dir='ltr'><strong>militum</strong></span> 
     </span>
     <span class='ocr_line' id='line_1_24' title="bbox 159 1986 2158 2073; baseline 0.001 -24"><span class='ocrx_word' id='word_1_152' title='bbox 159 1989 571 2072; x_wconf 82' lang='lat' dir='ltr'><strong>equitumque</strong></span> <span class='ocrx_word' id='word_1_153' title='bbox 611 2007 742 2047; x_wconf 89' lang='lat' dir='ltr'><strong>non</strong></span> <span class='ocrx_word' id='word_1_154' title='bbox 773 1986 1250 2049; x_wconf 88' lang='lat' dir='ltr'><strong>contemnendo</strong></span> <span class='ocrx_word' id='word_1_155' title='bbox 1284 2008 1558 2049; x_wconf 84' lang='lat' dir='ltr'><strong>numero</strong></span> <span class='ocrx_word' id='word_1_156' title='bbox 1591 1989 1866 2062; x_wconf 83' lang='lat' dir='ltr'><strong>auctior,</strong></span> <span class='ocrx_word' id='word_1_157' title='bbox 1915 1990 2158 2073; x_wconf 78' lang='lat' dir='ltr'><strong>Ruspi-</strong></span> 
     </span>
     <span class='ocr_line' id='line_1_25' title="bbox 164 2069 2161 2156; baseline 0.003 -27"><span class='ocrx_word' id='word_1_158' title='bbox 164 2090 276 2131; x_wconf 76' lang='lat' dir='ltr'><strong>nam</strong></span> <span class='ocrx_word' id='word_1_159' title='bbox 321 2072 656 2153; x_wconf 85' lang='lat' dir='ltr'><strong>protinus</strong></span> <span class='ocrx_word' id='word_1_160' title='bbox 728 2069 950 2131; x_wconf 88' lang='lat' dir='ltr'><strong>rediit.</strong></span> <span class='ocrx_word' id='word_1_161' title='bbox 1039 2069 1195 2132; x_wconf 90' lang='lat' dir='ltr'><strong>lnde</strong></span> <span class='ocrx_word' id='word_1_162' title='bbox 1251 2090 1396 2132; x_wconf 91' lang='lat' dir='ltr'><strong>cum</strong></span> <span class='ocrx_word' id='word_1_163' title='bbox 1453 2069 1836 2132; x_wconf 69' lang='lat' dir='ltr'><strong>cohortibus</strong></span> <span class='ocrx_word' id='word_1_164' title='bbox 1887 2073 2161 2156; x_wconf 80' lang='lat' dir='ltr'><strong>triginta</strong></span> 
     </span>
    </p>

    <p class='ocr_par' dir='ltr' id='par_1_6' title="bbox 160 2151 2161 2381">
     <span class='ocr_line' id='line_1_26' title="bbox 175 2151 2161 2236; baseline 0.001 -24"><span class='ocrx_word' id='word_1_165' title='bbox 175 2153 465 2235; x_wconf 82' lang='lat' dir='ltr'><strong>expeditis</strong></span> <span class='ocrx_word' id='word_1_166' title='bbox 489 2194 508 2223; x_wconf 88' lang='lat'><strong>,</strong></span> <span class='ocrx_word' id='word_1_167' title='bbox 574 2165 645 2214; x_wconf 89' lang='lat' dir='ltr'><strong>et</strong></span> <span class='ocrx_word' id='word_1_168' title='bbox 684 2151 1017 2235; x_wconf 88' lang='lat' dir='ltr'><strong>equitibus</strong></span> <span class='ocrx_word' id='word_1_169' title='bbox 1055 2151 1592 2236; x_wconf 77' lang='lat' dir='ltr'><strong>quadringentis,</strong></span> <span class='ocrx_word' id='word_1_170' title='bbox 1640 2154 2161 2236; x_wconf 75' lang='lat' dir='ltr'><strong>sagittariorum-</strong></span> 
     </span>
     <span class='ocr_line' id='line_1_27' title="bbox 160 2232 2154 2376; baseline 0.002 -82"><span class='ocrx_word' id='word_1_171' title='bbox 160 2255 271 2376; x_wconf 57' lang='lat' dir='ltr'><strong>due</strong></span> <span class='ocrx_word' id='word_1_172' title='bbox 299 2258 425 2296; x_wconf 82' lang='lat' dir='ltr'><strong>non</strong></span> <span class='ocrx_word' id='word_1_173' title='bbox 475 2254 717 2317; x_wconf 80' lang='lat' dir='ltr'><strong>magna</strong></span> <span class='ocrx_word' id='word_1_174' title='bbox 756 2255 944 2294; x_wconf 89' lang='lat' dir='ltr'><strong>manu</strong></span> <span class='ocrx_word' id='word_1_175' title='bbox 981 2234 1447 2297; x_wconf 82' lang='lat' dir='ltr'><strong>frumentatum</strong></span> <span class='ocrx_word' id='word_1_176' title='bbox 1485 2232 1574 2297; x_wconf 83' lang='lat' dir='ltr'><strong>est</strong></span> <span class='ocrx_word' id='word_1_177' title='bbox 1604 2234 1971 2320; x_wconf 82' lang='lat' dir='ltr'><strong>profectus,</strong></span> <span class='ocrx_word' id='word_1_178' title='bbox 2012 2236 2154 2322; x_wconf 80' lang='lat' dir='ltr'><strong>pri-</strong></span> 
     </span>
     <span class='ocr_line' id='line_1_28' title="bbox 196 2316 1264 2381; baseline -0.001 -4"><span class='ocrx_word' id='word_1_179' title='bbox 196 2318 248 2378; x_wconf 84' lang='lat' dir='ltr'><strong>ie</strong></span> <span class='ocrx_word' id='word_1_180' title='bbox 272 2323 500 2381; x_wconf 82' lang='lat' dir='ltr'><strong>Nonas</strong></span> <span class='ocrx_word' id='word_1_181' title='bbox 533 2320 576 2379; x_wconf 84' lang='lat' dir='ltr'><strong>J</strong></span> <span class='ocrx_word' id='word_1_182' title='bbox 582 2316 903 2377; x_wconf 78' lang='lat' dir='ltr'><strong>annarias.</strong></span> <span class='ocrx_word' id='word_1_183' title='bbox 1258 2342 1264 2348; x_wconf 91' lang='lat'><strong>·</strong></span> 
     </span>
    </p>
   </div>
   <div class='ocr_carea' id='block_1_6' title="bbox 136 2444 2523 3332">
    <p class='ocr_par' dir='ltr' id='par_1_7' title="bbox 136 2444 2523 3332">
     <span class='ocr_line' id='line_1_29' title="bbox 251 2444 2470 2525; baseline -0.004 -11"><span class='ocrx_word' id='word_1_184' title='bbox 251 2449 392 2514; x_wconf 88' lang='lat' dir='ltr'><strong>VII.</strong></span> <span class='ocrx_word' id='word_1_185' title='bbox 466 2447 572 2509; x_wconf 89' lang='lat' dir='ltr'><strong>Ibi</strong></span> <span class='ocrx_word' id='word_1_186' title='bbox 616 2469 691 2510; x_wconf 87' lang='lat' dir='ltr'><strong>se</strong></span> <span class='ocrx_word' id='word_1_187' title='bbox 722 2447 1048 2509; x_wconf 72' lang='lat' dir='ltr'><strong>Labienus</strong></span> <span class='ocrx_word' id='word_1_188' title='bbox 1090 2460 1155 2509; x_wconf 89' lang='lat' dir='ltr'><strong>et</strong></span> <span class='ocrx_word' id='word_1_189' title='bbox 1197 2444 1324 2508; x_wconf 88' lang='lat' dir='ltr'><strong>duo</strong></span> <span class='ocrx_word' id='word_1_190' title='bbox 1352 2446 1649 2522; x_wconf 90' lang='lat' dir='ltr'><strong>Pacidii,</strong></span> <span class='ocrx_word' id='word_1_191' title='bbox 1710 2468 1852 2510; x_wconf 87' lang='lat' dir='ltr'><strong>cum</strong></span> <span class='ocrx_word' id='word_1_192' title='bbox 1889 2452 2153 2511; x_wconf 81' lang='lat' dir='ltr'><strong>Mauro·</strong></span> <span class='ocrx_word' id='word_1_193' title='bbox 2212 2451 2470 2525; x_wconf 71' lang='lat' dir='ltr'><strong>Pugnant</strong></span> 
     </span>
     <span class='ocr_line' id='line_1_30' title="bbox 146 2524 2523 2614; baseline 0.001 -24"><span class='ocrx_word' id='word_1_194' title='bbox 146 2550 269 2591; x_wconf 85' lang='lat' dir='ltr'><strong>rum</strong></span> <span class='ocrx_word' id='word_1_195' title='bbox 291 2529 873 2614; x_wconf 82' lang='lat' dir='ltr'><strong>Numidarumque</strong></span> <span class='ocrx_word' id='word_1_196' title='bbox 905 2530 1194 2613; x_wconf 89' lang='lat' dir='ltr'><strong>equitum</strong></span> <span class='ocrx_word' id='word_1_197' title='bbox 1228 2542 1379 2590; x_wconf 89' lang='lat' dir='ltr'><strong>octo</strong></span> <span class='ocrx_word' id='word_1_198' title='bbox 1407 2531 1717 2602; x_wconf 84' lang='lat' dir='ltr'><strong>millibus,</strong></span> <span class='ocrx_word' id='word_1_199' title='bbox 1749 2530 1958 2593; x_wconf 85' lang='lat' dir='ltr'><strong>Gallis</strong></span> <span class='ocrx_word' id='word_1_200' title='bbox 1985 2533 2151 2595; x_wconf 85' lang='lat' dir='ltr'><strong>Ger·</strong></span> <span class='ocrx_word' id='word_1_201' title='bbox 2177 2540 2299 2578; x_wconf 57' lang='grc' dir='ltr'><strong>θ’*</strong></span> <span class='ocrx_word' id='word_1_202' title='bbox 2323 2524 2523 2579; x_wconf 62' lang='grc' dir='ltr'><em>ιθῦἱθ·</em></span> 
     </span>
     <span class='ocr_line' id='line_1_31' title="bbox 143 2609 2270 2697; baseline 0.002 -26"><span class='ocrx_word' id='word_1_203' title='bbox 143 2614 481 2697; x_wconf 85' lang='lat' dir='ltr'><strong>manisque</strong></span> <span class='ocrx_word' id='word_1_204' title='bbox 534 2613 718 2673; x_wconf 87' lang='lat' dir='ltr'><strong>mille</strong></span> <span class='ocrx_word' id='word_1_205' title='bbox 769 2612 1134 2683; x_wconf 83' lang='lat' dir='ltr'><strong>sexcentis,</strong></span> <span class='ocrx_word' id='word_1_206' title='bbox 1197 2626 1263 2674; x_wconf 89' lang='lat' dir='ltr'><strong>et</strong></span> <span class='ocrx_word' id='word_1_207' title='bbox 1299 2612 1655 2696; x_wconf 81' lang='lat' dir='ltr'><strong>sagittariis</strong></span> <span class='ocrx_word' id='word_1_208' title='bbox 1696 2632 1771 2675; x_wconf 86' lang='lat' dir='ltr'><strong>ac</strong></span> <span class='ocrx_word' id='word_1_209' title='bbox 1800 2612 2153 2676; x_wconf 80' lang='lat' dir='ltr'><strong>funditori-</strong></span> <span class='ocrx_word' id='word_1_210' title='bbox 2177 2609 2270 2663; x_wconf 68' lang='lat'><strong>¹³⁰&gt;</strong></span> 
     </span>
     <span class='ocr_line' id='line_1_32' title="bbox 140 2692 2155 2778; baseline 0.001 -23"><span class='ocrx_word' id='word_1_211' title='bbox 140 2693 249 2756; x_wconf 88' lang='lat' dir='ltr'><strong>bus</strong></span> <span class='ocrx_word' id='word_1_212' title='bbox 281 2694 892 2778; x_wconf 81' lang='lat' dir='ltr'><strong>bippotoxotisque</strong></span> <span class='ocrx_word' id='word_1_213' title='bbox 936 2693 1381 2775; x_wconf 88' lang='lat' dir='ltr'><strong>compluribus</strong></span> <span class='ocrx_word' id='word_1_214' title='bbox 1407 2736 1422 2762; x_wconf 85' lang='lat'><strong>,</strong></span> <span class='ocrx_word' id='word_1_215' title='bbox 1470 2692 1809 2773; x_wconf 88' lang='lat' dir='ltr'><strong>objiciunt.</strong></span> <span class='ocrx_word' id='word_1_216' title='bbox 1874 2694 2055 2757; x_wconf 81' lang='lat' dir='ltr'><strong>struit</strong></span> <span class='ocrx_word' id='word_1_217' title='bbox 2087 2718 2155 2757; x_wconf 87' lang='lat' dir='ltr'><strong>a·</strong></span> 
     </span>
     <span class='ocr_line' id='line_1_33' title="bbox 136 2776 2157 2860; baseline 0.001 -24"><span class='ocrx_word' id='word_1_218' title='bbox 136 2777 295 2838; x_wconf 78' lang='lat' dir='ltr'><strong>ciem</strong></span> <span class='ocrx_word' id='word_1_219' title='bbox 328 2781 624 2841; x_wconf 81' lang='lat' dir='ltr'><strong>Caesar:</strong></span> <span class='ocrx_word' id='word_1_220' title='bbox 672 2776 1034 2860; x_wconf 74' lang='lat' dir='ltr'><strong>praemiss‘is</strong></span> <span class='ocrx_word' id='word_1_221' title='bbox 1079 2776 1437 2857; x_wconf 84' lang='lat' dir='ltr'><strong>sagittariis</strong></span> <span class='ocrx_word' id='word_1_222' title='bbox 1458 2819 1474 2848; x_wconf 88' lang='lat'><strong>,</strong></span> <span class='ocrx_word' id='word_1_223' title='bbox 1523 2778 1875 2859; x_wconf 84' lang='lat' dir='ltr'><strong>equitatum</strong></span> <span class='ocrx_word' id='word_1_224' title='bbox 1909 2779 1975 2838; x_wconf 92' lang='lat' dir='ltr'><strong>in</strong></span> <span class='ocrx_word' id='word_1_225' title='bbox 2005 2798 2157 2839; x_wconf 86' lang='lat' dir='ltr'><strong>cor-</strong></span> 
     </span>
     <span class='ocr_line' id='line_1_34' title="bbox 140 2856 2154 2940; baseline 0.001 -22"><span class='ocrx_word' id='word_1_226' title='bbox 140 2859 323 2921; x_wconf 87' lang='lat' dir='ltr'><strong>nibus</strong></span> <span class='ocrx_word' id='word_1_227' title='bbox 368 2859 688 2921; x_wconf 89' lang='lat' dir='ltr'><strong>collocat.</strong></span> <span class='ocrx_word' id='word_1_228' title='bbox 777 2859 907 2920; x_wconf 89' lang='lat' dir='ltr'><strong>Sed</strong></span> <span class='ocrx_word' id='word_1_229' title='bbox 952 2857 1064 2919; x_wconf 77' lang='lat' dir='ltr'><strong>ille</strong></span> <span class='ocrx_word' id='word_1_230' title='bbox 1092 2901 1108 2930; x_wconf 91' lang='lat'>‚</span> <span class='ocrx_word' id='word_1_231' title='bbox 1164 2857 1245 2940; x_wconf 62' lang='lat' dir='ltr'><strong>,ab</strong></span> <span class='ocrx_word' id='word_1_232' title='bbox 1293 2856 1819 2920; x_wconf 87' lang='lat' dir='ltr'><strong>adversariorum</strong></span> <span class='ocrx_word' id='word_1_233' title='bbox 1863 2860 2154 2921; x_wconf 88' lang='lat' dir='ltr'><strong>multitu-</strong></span> 
     </span>
     <span class='ocr_line' id='line_1_35' title="bbox 144 2939 2155 3025; baseline 0.002 -25"><span class='ocrx_word' id='word_1_234' title='bbox 144 2940 286 3002; x_wconf 85' lang='lat' dir='ltr'><strong>dine</strong></span> <span class='ocrx_word' id='word_1_235' title='bbox 324 2941 685 3025; x_wconf 85' lang='lat' dir='ltr'><strong>repulsus,</strong></span> <span class='ocrx_word' id='word_1_236' title='bbox 731 2941 1046 3002; x_wconf 89' lang='lat' dir='ltr'><strong>continuo</strong></span> <span class='ocrx_word' id='word_1_237' title='bbox 1079 2939 1290 3001; x_wconf 82' lang='lat' dir='ltr'><strong>cedit:</strong></span> <span class='ocrx_word' id='word_1_238' title='bbox 1334 2940 1685 3022; x_wconf 78' lang='lat' dir='ltr'><strong>legionarii</strong></span> <span class='ocrx_word' id='word_1_239' title='bbox 1721 2942 2155 3004; x_wconf 85' lang='lat' dir='ltr'><strong>circumventi</strong></span> 
     </span>
     <span class='ocr_line' id='line_1_36' title="bbox 145 3021 2155 3105; baseline 0.001 -22"><span class='ocrx_word' id='word_1_240' title='bbox 145 3024 207 3083; x_wconf 91' lang='lat' dir='ltr'><strong>in</strong></span> <span class='ocrx_word' id='word_1_241' title='bbox 237 3026 477 3085; x_wconf 85' lang='lat' dir='ltr'><strong>orbem</strong></span> <span class='ocrx_word' id='word_1_242' title='bbox 511 3041 807 3105; x_wconf 77' lang='lat' dir='ltr'><strong>pugnare</strong></span> <span class='ocrx_word' id='word_1_243' title='bbox 839 3036 1182 3104; x_wconf 82' lang='lat' dir='ltr'><strong>coguntur.</strong></span> <span class='ocrx_word' id='word_1_244' title='bbox 1268 3021 1366 3085; x_wconf 89' lang='lat' dir='ltr'><strong>lbi</strong></span> <span class='ocrx_word' id='word_1_245' title='bbox 1406 3021 1733 3083; x_wconf 84' lang='lat' dir='ltr'><strong>Labienus</strong></span> <span class='ocrx_word' id='word_1_246' title='bbox 1755 3066 1770 3092; x_wconf 90' lang='lat'><strong>,</strong></span> <span class='ocrx_word' id='word_1_247' title='bbox 1822 3024 1999 3104; x_wconf 82' lang='lat' dir='ltr'><strong>galea</strong></span> <span class='ocrx_word' id='word_1_248' title='bbox 2038 3024 2155 3085; x_wconf 87' lang='lat' dir='ltr'><strong>de-</strong></span> 
     </span>
     <span class='ocr_line' id='line_1_37' title="bbox 146 3104 2155 3189; baseline 0.001 -24"><span class='ocrx_word' id='word_1_249' title='bbox 146 3120 362 3179; x_wconf 85' lang='lat' dir='ltr'><strong>tracta,</strong></span> <span class='ocrx_word' id='word_1_250' title='bbox 417 3125 583 3167; x_wconf 86' lang='lat' dir='ltr'><strong>suos</strong></span> <span class='ocrx_word' id='word_1_251' title='bbox 612 3104 887 3175; x_wconf 87' lang='lat' dir='ltr'><strong>hortari,</strong></span> <span class='ocrx_word' id='word_1_252' title='bbox 934 3105 1264 3186; x_wconf 84' lang='lat' dir='ltr'><strong>appellare</strong></span> <span class='ocrx_word' id='word_1_253' title='bbox 1289 3105 1753 3180; x_wconf 84' lang='lat' dir='ltr'><strong>Caesarianos3</strong></span> <span class='ocrx_word' id='word_1_254' title='bbox 1799 3104 2010 3167; x_wconf 90' lang='lat' dir='ltr'><strong>donec</strong></span> <span class='ocrx_word' id='word_1_255' title='bbox 2036 3125 2155 3189; x_wconf 88' lang='lat' dir='ltr'><strong>pe-</strong></span> 
     </span>
     <span class='ocr_line' id='line_1_38' title="bbox 149 3186 2156 3271; baseline 0 -24"><span class='ocrx_word' id='word_1_256' title='bbox 149 3188 292 3249; x_wconf 88' lang='lat' dir='ltr'><strong>titus</strong></span> <span class='ocrx_word' id='word_1_257' title='bbox 328 3212 363 3249; x_wconf 87' lang='lat' dir='ltr'><strong>a</strong></span> <span class='ocrx_word' id='word_1_258' title='bbox 414 3187 630 3248; x_wconf 90' lang='lat' dir='ltr'><strong>milite</strong></span> <span class='ocrx_word' id='word_1_259' title='bbox 665 3186 1021 3249; x_wconf 84' lang='lat' dir='ltr'><strong>decumano</strong></span> <span class='ocrx_word' id='word_1_260' title='bbox 1043 3230 1060 3262; x_wconf 91' lang='lat'><strong>‚</strong></span> <span class='ocrx_word' id='word_1_261' title='bbox 1124 3206 1296 3271; x_wconf 86' lang='lat' dir='ltr'><strong>equo</strong></span> <span class='ocrx_word' id='word_1_262' title='bbox 1333 3186 1626 3268; x_wconf 81' lang='lat' dir='ltr'><strong>graviter</strong></span> <span class='ocrx_word' id='word_1_263' title='bbox 1662 3188 1919 3261; x_wconf 87' lang='lat' dir='ltr'><strong>saucio,</strong></span> <span class='ocrx_word' id='word_1_264' title='bbox 1967 3208 2156 3251; x_wconf 81' lang='lat' dir='ltr'><strong>aver-</strong></span> 
     </span>
     <span class='ocr_line' id='line_1_39' title="bbox 158 3281 426 3332; baseline 0.011 -3"><span class='ocrx_word' id='word_1_265' title='bbox 158 3281 426 3332; x_wconf 85' lang='lat' dir='ltr'><strong>teretur.</strong></span> 
     </span>
    </p>
   </div>
   <div class='ocr_carea' id='block_1_7' title="bbox 139 3399 2449 3899">
    <p class='ocr_par' dir='ltr' id='par_1_8' title="bbox 139 3399 2449 3899">
     <span class='ocr_line' id='line_1_40' title="bbox 254 3399 2449 3484; baseline -0.002 -16"><span class='ocrx_word' id='word_1_266' title='bbox 254 3404 441 3468; x_wconf 88' lang='lat' dir='ltr'><strong>VIII.</strong></span> <span class='ocrx_word' id='word_1_267' title='bbox 488 3404 762 3465; x_wconf 87' lang='lat' dir='ltr'><strong>Interim</strong></span> <span class='ocrx_word' id='word_1_268' title='bbox 789 3405 1049 3473; x_wconf 85' lang='lat' dir='ltr'><strong>Caesar,</strong></span> <span class='ocrx_word' id='word_1_269' title='bbox 1093 3401 1394 3464; x_wconf 78' lang='lat' dir='ltr'><strong>omnibus</strong></span> <span class='ocrx_word' id='word_1_270' title='bbox 1426 3399 1682 3462; x_wconf 78' lang='lat' dir='ltr'><strong>viribus</strong></span> <span class='ocrx_word' id='word_1_271' title='bbox 1715 3400 2007 3484; x_wconf 81' lang='lat' dir='ltr'><strong>equitum</strong></span> <span class='ocrx_word' id='word_1_272' title='bbox 2039 3422 2159 3484; x_wconf 81' lang='lat' dir='ltr'><strong>pe·</strong></span> <span class='ocrx_word' id='word_1_273' title='bbox 2217 3412 2296 3467; x_wconf 74' lang='lat' dir='ltr'><strong>Et</strong></span> <span class='ocrx_word' id='word_1_274' title='bbox 2324 3429 2449 3467; x_wconf 70' lang='lat' dir='ltr'><strong>enno</strong></span> 
     </span>
     <span class='ocr_line' id='line_1_41' title="bbox 148 3480 2415 3569; baseline 0.001 -23"><span class='ocrx_word' id='word_1_275' title='bbox 148 3483 486 3569; x_wconf 83' lang='lat' dir='ltr'><strong>ditumque</strong></span> <span class='ocrx_word' id='word_1_276' title='bbox 530 3487 874 3558; x_wconf 83' lang='lat' dir='ltr'><strong>connixus,</strong></span> <span class='ocrx_word' id='word_1_277' title='bbox 923 3484 1195 3546; x_wconf 84' lang='lat' dir='ltr'><strong>divisam</strong></span> <span class='ocrx_word' id='word_1_278' title='bbox 1224 3480 1496 3544; x_wconf 83' lang='lat' dir='ltr'><strong>hostium</strong></span> <span class='ocrx_word' id='word_1_279' title='bbox 1527 3501 1838 3544; x_wconf 70' lang='lat' dir='ltr'><strong>eoronam</strong></span> <span class='ocrx_word' id='word_1_280' title='bbox 1866 3483 1946 3546; x_wconf 83' lang='lat' dir='ltr'><strong>ab</strong></span> <span class='ocrx_word' id='word_1_281' title='bbox 1973 3498 2155 3545; x_wconf 63' lang='lat' dir='ltr'><strong>utro..</strong></span> <span class='ocrx_word' id='word_1_282' title='bbox 2182 3482 2415 3553; x_wconf 66' lang='lat' dir='ltr'><strong>Petreio·</strong></span> 
     </span>
     <span class='ocr_line' id='line_1_42' title="bbox 143 3564 2155 3651; baseline 0 -23"><span class='ocrx_word' id='word_1_283' title='bbox 143 3589 261 3651; x_wconf 82' lang='lat' dir='ltr'><strong>que</strong></span> <span class='ocrx_word' id='word_1_284' title='bbox 300 3570 522 3630; x_wconf 85' lang='lat' dir='ltr'><strong>latere</strong></span> <span class='ocrx_word' id='word_1_285' title='bbox 567 3568 851 3644; x_wconf 77' lang='lat' dir='ltr'><strong>disjicit,</strong></span> <span class='ocrx_word' id='word_1_286' title='bbox 910 3587 1141 3650; x_wconf 79' lang='lat' dir='ltr'><strong>neque.</strong></span> <span class='ocrx_word' id='word_1_287' title='bbox 1164 3567 1363 3646; x_wconf 77' lang='lat' dir='ltr'><strong>longe</strong></span> <span class='ocrx_word' id='word_1_288' title='bbox 1403 3566 1788 3646; x_wconf 82' lang='lat' dir='ltr'><strong>insequutus</strong></span> <span class='ocrx_word' id='word_1_289' title='bbox 1824 3564 1908 3625; x_wconf 79' lang='lat' dir='ltr'><strong>ad</strong></span> <span class='ocrx_word' id='word_1_290' title='bbox 1939 3586 2053 3628; x_wconf 81' lang='lat' dir='ltr'><strong>sua</strong></span> <span class='ocrx_word' id='word_1_291' title='bbox 2083 3581 2155 3632; x_wconf 77' lang='lat' dir='ltr'><strong>se</strong></span> 
     </span>
     <span class='ocr_line' id='line_1_43' title="bbox 139 3645 2154 3733; baseline 0 -23"><span class='ocrx_word' id='word_1_292' title='bbox 139 3650 476 3732; x_wconf 80' lang='lat' dir='ltr'><strong>praesidia</strong></span> <span class='ocrx_word' id='word_1_293' title='bbox 514 3648 791 3714; x_wconf 88' lang='lat' dir='ltr'><strong>instituit</strong></span> <span class='ocrx_word' id='word_1_294' title='bbox 822 3649 1148 3733; x_wconf 82' lang='lat' dir='ltr'><strong>recipere.</strong></span> <span class='ocrx_word' id='word_1_295' title='bbox 1224 3646 1357 3712; x_wconf 84' lang='lat' dir='ltr'><strong>Sed</strong></span> <span class='ocrx_word' id='word_1_296' title='bbox 1389 3645 1694 3724; x_wconf 71' lang='lat' dir='ltr'><strong>Petreius</strong></span> <span class='ocrx_word' id='word_1_297' title='bbox 1725 3662 1795 3709; x_wconf 73' lang='lat' dir='ltr'><strong>et</strong></span> <span class='ocrx_word' id='word_1_298' title='bbox 1825 3649 1943 3709; x_wconf 83' lang='lat' dir='ltr'><strong>Cn.</strong></span> <span class='ocrx_word' id='word_1_299' title='bbox 1969 3649 2154 3721; x_wconf 59' lang='lat' dir='ltr'><strong>Piso,</strong></span> 
     </span>
     <span class='ocr_line' id='line_1_44' title="bbox 142 3729 2159 3816; baseline -0.002 -20"><span class='ocrx_word' id='word_1_300' title='bbox 142 3752 280 3796; x_wconf 80' lang='lat' dir='ltr'><strong>curn</strong></span> <span class='ocrx_word' id='word_1_301' title='bbox 311 3731 661 3816; x_wconf 87' lang='lat' dir='ltr'><strong>equitibus</strong></span> <span class='ocrx_word' id='word_1_302' title='bbox 682 3731 984 3796; x_wconf 84' lang='lat' dir='ltr'><strong>Numidis</strong></span> <span class='ocrx_word' id='word_1_303' title='bbox 1014 3732 1193 3792; x_wconf 87' lang='lat' dir='ltr'><strong>mille</strong></span> <span class='ocrx_word' id='word_1_304' title='bbox 1224 3729 1788 3801; x_wconf 65' lang='lat' dir='ltr'><strong>centum-etenens,</strong></span> <span class='ocrx_word' id='word_1_305' title='bbox 1807 3764 1812 3770; x_wconf 92' lang='lat'><em>-</em></span> <span class='ocrx_word' id='word_1_306' title='bbox 1832 3729 2159 3812; x_wconf 82' lang='lat' dir='ltr'><strong>peditum-</strong></span> 
     </span>
     <span class='ocr_line' id='line_1_45' title="bbox 140 3810 2159 3899; baseline -0.003 -23"><span class='ocrx_word' id='word_1_307' title='bbox 140 3835 262 3899; x_wconf 80' lang='lat' dir='ltr'><strong>que</strong></span> <span class='ocrx_word' id='word_1_308' title='bbox 303 3830 374 3876; x_wconf 92' lang='lat' dir='ltr'><strong>et</strong></span> <span class='ocrx_word' id='word_1_309' title='bbox 416 3815 592 3877; x_wconf 85' lang='lat' dir='ltr'><strong>levis</strong></span> <span class='ocrx_word' id='word_1_310' title='bbox 632 3828 993 3879; x_wconf 83' lang='lat' dir='ltr'><strong>armaturae</strong></span> <span class='ocrx_word' id='word_1_311' title='bbox 1034 3826 1315 3896; x_wconf 73' lang='lat' dir='ltr'><strong>quatuor</strong></span> <span class='ocrx_word' id='word_1_312' title='bbox 1355 3810 2159 3895; x_wconf 62' lang='lat' dir='ltr'><strong>minibuswperveniea.</strong></span> 
     </span>
    </p>
   </div>
   <div class='ocr_carea' id='block_1_8' title="bbox 1621 3925 2152 3968">
    <p class='ocr_par' dir='ltr' id='par_1_9' title="bbox 1621 3925 2152 3968">
     <span class='ocr_line' id='line_1_46' title="bbox 1621 3925 2152 3968; baseline 0.011 -14"><span class='ocrx_word' id='word_1_313' title='bbox 1621 3947 1654 3954; x_wconf 52' lang='grc'><strong>,-</strong></span> <span class='ocrx_word' id='word_1_314' title='bbox 1859 3925 2008 3968; x_wconf 37' lang='lat' dir='ltr'><strong>&#39;&#39;fi-&#39;¹¹</strong></span> <span class='ocrx_word' id='word_1_315' title='bbox 2099 3943 2152 3960; x_wconf 67' lang='grc' dir='ltr'><strong>-ι-</strong></span> 
     </span>
    </p>
   </div>
   <div class='ocr_carea' id='block_1_9' title="bbox 132 4007 2160 4226">
    <p class='ocr_par' dir='ltr' id='par_1_10' title="bbox 132 4007 2160 4226">
     <span class='ocr_line' id='line_1_47' title="bbox 198 4007 2130 4099; baseline -0.004 -20"><span class='ocrx_word' id='word_1_316' title='bbox 198 4026 345 4099; x_wconf 75' lang='lat' dir='ltr'><strong>Gap.</strong></span> <span class='ocrx_word' id='word_1_317' title='bbox 377 4027 488 4081; x_wconf 89' lang='lat' dir='ltr'><strong>VI.</strong></span> <span class='ocrx_word' id='word_1_318' title='bbox 540 4026 701 4080; x_wconf 83' lang='lat' dir='ltr'><strong>Plut.</strong></span> <span class='ocrx_word' id='word_1_319' title='bbox 738 4024 914 4090; x_wconf 68' lang='lat' dir='ltr'><strong>Auct.</strong></span> <span class='ocrx_word' id='word_1_320' title='bbox 955 4023 1025 4080; x_wconf 84' lang='lat' dir='ltr'><strong>de</strong></span> <span class='ocrx_word' id='word_1_321' title='bbox 1052 4016 1123 4079; x_wconf 82' lang='lat' dir='ltr'><strong>B.</strong></span> <span class='ocrx_word' id='word_1_322' title='bbox 1151 4019 1338 4077; x_wconf 71' lang='lat' dir='ltr'><strong>Afric.</strong></span> <span class='ocrx_word' id='word_1_323' title='bbox 1371 4049 1384 4062; x_wconf 53' lang='grc' dir='ltr'><em>ι</em></span> <span class='ocrx_word' id='word_1_324' title='bbox 1431 4007 1581 4095; x_wconf 63' lang='lat' dir='ltr'><strong>Capi</strong></span> <span class='ocrx_word' id='word_1_325' title='bbox 1623 4007 1756 4085; x_wconf 88' lang='grc' dir='ltr'><strong>ΨΚ.</strong></span> <span class='ocrx_word' id='word_1_326' title='bbox 1805 4018 1944 4076; x_wconf 86' lang='lat' dir='ltr'><strong>Dio.</strong></span> <span class='ocrx_word' id='word_1_327' title='bbox 1983 4019 2130 4073; x_wconf 50' lang='lat' dir='ltr'><strong>Auuct</strong></span> 
     </span>
     <span class='ocr_line' id='line_1_48' title="bbox 132 4078 2160 4226; baseline -0.005 -74"><span class='ocrx_word' id='word_1_328' title='bbox 132 4091 530 4222; x_wconf 31' lang='lat' dir='ltr'><strong>{agg-Afric.</strong></span> <span class='ocrx_word' id='word_1_329' title='bbox 606 4095 762 4169; x_wconf 81' lang='lat' dir='ltr'><strong>Cap.</strong></span> <span class='ocrx_word' id='word_1_330' title='bbox 802 4094 968 4153; x_wconf 84' lang='lat' dir='ltr'><strong>VIII.</strong></span> <span class='ocrx_word' id='word_1_331' title='bbox 1017 4093 1288 4170; x_wconf 58' lang='lat' dir='ltr'><strong>Appiam</strong></span> <span class='ocrx_word' id='word_1_332' title='bbox 1341 4078 1740 4201; x_wconf 32' lang='lat' dir='ltr'><strong>&amp;vm-ilfa&amp;</strong></span> <span class='ocrx_word' id='word_1_333' title='bbox 1760 4089 1932 4226; x_wconf 45' lang='lat' dir='ltr'><strong>{ulcu</strong></span> <span class='ocrx_word' id='word_1_334' title='bbox 1976 4087 2160 4206; x_wconf 52' lang='lat' dir='ltr'><strong>dii&#39;lJu</strong></span> 
     </span>
    </p>
   </div>
  </div>
 </body>
</html>
