2675 4642
498 275 596 338 m
633 273 944 340 Locum
985 276 1153 338 Lm.
1198 274 1491 381 cxxiv.
1533 273 1800 343 mvn:
1931 272 1954 283 “
2019 267 2147 352 437

136 486 476 548 maritimo
516 485 1012 567 proelio-citius
1050 486 1449 549 innotuiss'et.
1533 489 1694 550 Erat
1733 486 1903 549 enim
1943 489 2144 552 rebus
2204 486 2277 542 U·
2315 499 2368 538 θ·
2397 500 2527 554 710·

137 569 450 631 omnibus
502 567 582 628 ad
625 568 790 631 hanc
832 571 1150 630 rationem
1195 570 1667 652 paratiss'imus:
1737 568 1930 632 castra
1972 585 2143 645 tuta,
2208 559 2280 613 A·
2316 553 2385 609 G·
2420 558 2514 624 4²·

132 650 541 734 locupletia,
602 650 884 713 salubria
916 649 1229 713 habebat:
1300 652 1501 712 maria
1538 652 1816 714 habebat
1851 654 1918 714 in
1959 667 2149 736 pote-

132 732 326 803 state,
390 733 672 795 habebat
717 731 1093 816 provincias
1142 734 1545 807 uberrimas,
1561 734 1783 817 ,unde
1832 756 2154 798 commea-

134 826 361 887 tuum,
425 814 600 877 unde
652 816 1071 898 pecuniarum
1124 814 1497 878 inexhausta
1539 818 1728 902 copia
1773 819 2153 902 suppedita-

135 912 258 958 ret.
359 898 497 960 sed
542 899 675 959 fato
724 896 1003 981 quodam
1047 900 1114 958 in
1160 899 1554 983 vigesimum
1599 921 1808 984 usque
1857 901 2030 962 diem
2068 900 2152 963 de

132 980 355 1040 navali
398 981 660 1064 proelio
698 978 991 1042 audierat
1024 980 1224 1054 nihil,
1289 995 1357 1043 et
1396 983 1616 1045 Clodii
1670 983 2001 1063 cujusdam
2050 983 2155 1044 in-

137 1063 389 1123 dicium
447 1063 935 1137 contemnebat‚
999 1065 1150 1147 qui,
1218 1078 1408 1147 capto
1450 1063 1576 1144 jam
1627 1066 1957 1156 pugnandi
1995 1087 2151 1128 con-

139 1145 333 1218 silio',
401 1145 622 1228 pridie
664 1167 851 1229 quam
897 1160 1375 1210 concurrerent
1412 1148 1627 1223 acies,
1686 1149 1767 1210 ad
1813 1168 1960 1213 eum
2005 1167 2153 1211 cum
2237 1172 2242 1175 ·

136 1224 260 1289 hoc
303 1229 557 1291 nuncio
591 1228 1052 1312 transfugerat.

258 1337 448 1401 XVI.
498 1338 729 1399 Cetera
763 1359 1028 1423 quoque
1063 1341 1153 1403 ita
1184 1341 1648 1426 conspirabant
1680 1341 1758 1427 ad
1788 1340 2151 1426 perniciem
2217 1356 2400 1415 Mum

139 1417 293 1491 viri,
342 1432 418 1480 ut
458 1439 580 1480 nee
623 1421 870 1481 evitare
903 1423 1133 1505 pollet,
1177 1442 1303 1486 nec
1340 1425 1566 1486 saltem
1600 1425 2150 1488 innocens-mori.
2178 1430 2447 1504 quaedam

139 1503 417 1562 maxime
456 1501 708 1564 ferocia
745 1504 1021 1565 militum
1059 1506 1447 1589 angebatur3
1495 1529 1770 1590 quorum
1802 1530 1954 1593 pars
1985 1507 2149 1567 mul-
2178 1500 2452 1585 ‘vnfvdff‘

141 1598 203 1645 to
247 1585 532 1645 maxima
578 1585 695 1647 sub
739 1589 1016 1648 Caesare
1067 1587 1389 1651 dictatore
1433 1605 1799 1661 meruerat,
1862 1590 2156 1659 reditura
2179 1583 2415 1643 “3'‘”3

147 1666 216 1726 ad
249 1681 522 1750 partes,
570 1669 699 1728 nisi
736 1668 937 1730 multa
971 1669 1111 1743 his,
1160 1692 1324 1754 quae
1355 1672 1559 1733 nollet
1590 1675 1867 1744 Brutus,
1917 1692 2156 1733 conce-

153 1748 487 1810 derentur.
574 1755 736 1812 Nam
774 1752 1102 1814 Antonius
1160 1768 1225 1816 et
1270 1755 1511 1816 Caesar
1555 1767 1754 1831 totam
1806 1775 2158 1837 propemo-

156 1829 287 1891 dum
322 1833 576 1894 ltaliam
612 1835 894 1916 praedae
938 1835 1073 1897 suis
1109 1836 1484 1919 legionibus
1525 1836 1781 1897 dabant.
1852 1837 2060 1920 Igitur
2094 1850 2164 1899 et

149 1913 281 1997 ipse
327 1915 496 1975 duas
543 1916 742 1977 urbes
782 1918 988 1979 claras
1025 1919 1334 2002 promisit
1371 1918 1780 2002 diripiendas
1820 1919 2156 1992 daturum,

146 1996 667 2062 Thess'alonieam
717 2014 783 2062 et
824 1999 1421 2072 Lacedaemonem,
1492 2001 1575 2063 ob
1635 2001 1813 2062 miss'a
1866 2000 2156 2063 hostibus

143 2081 380 2141 auxilia
435 2079 757 2144 infestior.
859 2083 1057 2144 Aliud
1111 2084 1302 2145 etiam
1346 2082 1613 2145 crudele
1655 2083 1893 2145 factum
1939 2083 2154 2155 addit,

144 2163 448 2245 captivos
497 2161 996 2238 interficiendo,
1065 2187 1298 2229 servos
1355 2164 1692 2247 duntaxat.
1759 2165 1871 2249 qui
1927 2166 2158 2249 priore

144 2245 409 2390 groelio
448 2248 619 2330 capti
656 2260 861 2319 erant,
907 2269 990 2310 ne
1026 2248 1251 2311 turbas
1288 2249 1520 2310 darent
1555 2249 1622 2309 in
1655 2245 1905 2309 castris:
1952 2245 2160 2308 custo-

99 2348 103 2353 ’
188 2327 274 2387 iri
304 2328 490 2388 enim
519 2330 874 2413 nequibant
895 2345 1173 2415 propter
1197 2329 1704 2393 multitudinem.
1765 2330 2162 2392 Liberorum

146 2410 675 2494 aliquammultos
722 2410 971 2475 dimisit
1010 2415 1223 2487 ultro,
1290 2411 1497 2475 civibus
1541 2414 1691 2494 apud
1734 2409 1875 2473 cives
1921 2412 2162 2489 constare

135 2496 236 2574 jus
268 2514 505 2573 aequum
544 2492 848 2557 dictitans
867 2490 909 2563 ,ἶ
929 2496 1125 2577 hosque
1164 2501 1383 2577 potius,
1407 2516 1595 2577 =quum
1626 2500 1687 2556 in
1716 2494 1905 2572 castris
1936 2494 2163 2570 hostium

148 2575 338 2654 qfflmt,
385 2578 727 2654 captivitatis
757 2597 922 2658 atque
941 2576 1238 2658 firvitutis
1269 2573 2016 2658 turpitudirtemfitstinuiffi’.
2063 2580 2164 2638 Ne

192 2658 378 2719 lures
468 2657 631 2719 alam
666 2660 809 2731 able
857 2674 1034 2732 aret,
1083 2659 1317 2722 ducum
1356 2674 1552 2745 atque
1588 2659 1868 2727 militum
1906 2657 2166 2721 efficie-

150 2681 255 2811 bat
305 2679 609 2815 triKitia,
671 2743 786 2825 qui
877 2763 949 2804 ac
992 2742 1376 2826 impunitate
1421 2744 1672 2809 animos
1719 2739 2031 2821 hostium,
2098 2752 2168 2803 et

157 2843 343 2885 suum
381 2824 750 2907 periculum
781 2826 1011 2908 augeri
1050 2825 1519 2909 querebantur.
1609 2824 1838 2889 Occisi
1874 2823 2028 2909 quin
2068 2837 2164 2885 et·-

157 2907 278 2968 iam
319 2920 471 2967 sunt
504 2906 705 2988 aliqui
731 2911 803 2967 Ρ.
834 2911 1074 2970 Cascae
1110 2908 1417 2991 impulsu,
1465 2910 1600 2991 qui,
1649 2906 1979 2991 parentari
2011 2906 2167 2967 Cas..

159 2988 254 3049 sio
313 2988 661 3072 suppliciis
714 2988 985 3051 hostium
1036 2989 1404 3074 postulans,
1439 2991 1711 3052 ·-editam
1763 2988 1939 3053 forte
1990 2988 2169 3061 intes}

158 3070 314 3132 alias
346 3068 782 3153 cogitationes
814 3095 849 3134 a
876 3076 1086 3135 Bruto
1119 3092 1373 3144 vocem,
1418 3074 1553 3151 quid
1587 3077 1762 3152 igitur
1790 3069 2165 3150 stangnum,

158 3175 327 3232 neque
351 3152 608 3230 ⁸facerent
641 3154 772 3232 ipsi,
818 3157 963 3233 quod
994 3155 1328 3214 videretur?
1391 3174 1514 3236 pro
1547 3154 1709 3232 juffu
1747 3152 1834 3213 im
1886 3150 2168 3212 cratoris

157 3234 534 3320 adceperat‚
581 3249 761 3299 tanto
797 3237 1097 3321 proniuS‚
1190 3235 1321 3298 uod
1345 3236 1417 3296 -in
1450 3235 1736 3297 diversis
1768 3255 1841 3296 ca
1865 3233 1987 3295 tris
2013 3250 2169 3293 suo-

156 3339 304 3380 rum
340 3317 536 3379 etiam
571 3319 930 3403 plerosque
968 3320 1144 3383 inter
1195 3320 1256 3381 ci
1294 3318 1658 3387 audiverat.

278 3444 488 3507 xvn.
533 3443 784 3505 Ferunt
820 3464 895 3505 ea
930 3464 1192 3528 quoque
1229 3458 1460 3516 nocte,
1507 3463 1671 3527 quae
1745 3438 2023 3502 roelium
2056 3442 2501 3512 an-..Spectrum

158 3525 456 3597 teceffitss
500 3540 861 3609 spectrum,
912 3527 1088 3611 quod
1129 3527 1546 3609 transjiciens
1584 3546 1661 3598 cx
1694 3465 1851 3586 Xsia
1889 3521 2168 3595 viderat,
2196 3514 2435 3583 *atum

159 3612 581 3675 obversatum
625 3608 687 3670 ei
728 3609 892 3678 elle,
941 3610 1059 3671 sed
1104 3612 1275 3672 nulla
1313 3629 1480 3673 voce
1517 3608 1714 3671 edita.
1803 3602 1942 3666 Sub
1971 3623 2170 3702 proe-
2197 3584 2399 3645 Bnm‘

155 3695 232 3758 lii
276 3706 537 3773 tempus
589 3692 952 3774 imperator
991 3693 1136 3779 ipse
1178 3691 1535 3766 subtristis,
1603 3710 1827 3775 parum
1866 3686 2172 3777 sibl-pla-

160 3796 354 3847 cere,
407 3793 573 3858 quae
613 3771 887 3846 fierent,
932 3795 1098 3838 voce
1134 3774 1437 3849 testatus,
1487 3775 1646 3847 Nm,
1692 3771 1937 3856 inquit,
1970 3766 2174 3848 famili..

164 3880 290 3933 ter,
355 3876 520 3938 atque
553 3859 844 3937 Pompey‘us
873 3857 1159 3937 Magnus,
1210 3864 1454 3939 gerimus
1487 3854 1721 3927 bellu-m,
1759 3870 2012 3934 parentes
2055 3870 2174 3909 ma.-

113 4011 125 4033 ,
159 3946 244 4028 gis
250 3952 296 4015 ν’
318 3956 479 4023 quas-'¹
509 3942 861 4033 imperante-13
908 3939 1086 4027 (111011
1114 3956 1182 4008 et
1201 3940 1473 4013 Caffium
1508 3937 1730 4024 paullo
1760 3948 1908 3999 ante
1943 3931 2174 3995 dixiss'e

194 4114 379 4213 4031».
399 4125 581 4185 xvr·
607 4127 865 4202 Appiam
901 4100 1059 4187 Pl'ut.
1096 4130 1356 4214 Appiam,
1392 4129 1550 4212 ring.
1588 4127 1729 4185 mo.
1751 4125 1978 4185 ωηατ.
2014 4122 2172 4181 mut.

168 4202 303 4291 Dio.
379 4203 755 4289 Cap-XVII.
799 4200 958 4257 Plut.
986 4211 1046 4258 et
1073 4200 1338 4293 Appian.
1373 4198 1633 4276 Appian-
1893 4220 1896 4227 f

788 4455 811 4482 Ο
