2675 4642
534 241 661 312 ιαμ».
721 234 1129 302 FnEmsH.
1153 188 1998 307 SUPPLEMIZNTORUM
2020 236 2166 304 Lm.
2185 236 2552 317 Lxxxe.

199 444 272 502 U·
301 461 507 516 ⁶·710·
668 450 899 515 xxvt.
957 447 1171 530 Quum
1216 447 1388 510 haec
1427 448 1506 509 ad
1543 452 1818 510 Brutum
1856 446 2059 509 effent
2092 449 2332 521 relata,
2399 448 2555 530 qui-

200 518 277 640 Ξ·
298 517 377 599 ⁰⁶.
398 520 487 583 ⁴¹·
548 534 693 597 dam
721 532 1118 605 adstantium,
1150 528 1482 613 fugiendum
1513 535 1691 613 igitur
1722 529 1841 611 effe,
1887 531 2303 609 exclamavit3
2347 551 2557 616 quum

171 603 506 710 ,ηἲῖοὲἶζ
550 615 1052 686 illex-euidens,
1113 614 1292 686 Sane,
1337 613 1590 696 inquit,
1634 611 1969 694 fhgiendum
2002 612 2107 687 estt
2166 633 2273 673 non
2315 614 2555 695 pedibus

170 728 272 791 tio.
550 721 755 772 tamen,
786 700 892 781 Jed
924 715 1119 763 manu.-
1162 708 1600 779 porrectaque
1638 694 1916 779 singulis
1953 692 2212 773 dextra;
2235 693 2562 838 »Qantara

242 784 245 791 ’
552 782 627 844 ad
677 803 758 841 me
804 780 1019 840 adtinet
1038 819 1058 852 ,
1111 775 1249 838 nihil
1286 778 1360 857 est
1377 820 1395 851 ,
1455 777 1601 858 quod
1630 777 1934 837 Fortunam
1984 777 2243 857 adcusare
2331 777 2514 838 ebeam
2531 796 2558 836 .·

553 886 689 947 quae
711 906 730 938 ,
758 862 929 946 super
965 860 1077 921 alia
1108 859 1304 932 multa,
1348 859 1444 920 hoc
1462 863 1659 931 -etiam,
1705 858 1851 940 quod
1881 862 2090 941 ingenti
2109 857 2255 919 'mihi
2277 859 2552 940 volupta-

557 953 606 1009 ti
637 947 745 1025 est,
790 942 1097 1026 praestitit,
1142 960 1208 1000 ut
1244 944 1538 1002 amicorum
1574 963 1656 1001 me
1680 939 1965 1024 fefellerit
1996 961 2147 1000 nemo
2167 982 2185 1011 ,
2221 937 2599 1020 fidiaeomnes·

556 1030 794 1109 bonique·
823 1025 1169 1108 perstiterint
1208 1023 1281 1084 ad
1318 1042 1647 1085 extremum.
1734 1023 1964 1083 Patriae
1989 1041 2166 1082 tamen
2192 1025 2423 1083 videtur
2448 1017 2566 1101 esse

552 1113 796 1192 iniquior
815 1152 831 1183 ‚
875 1111 961 1167 cui
994 1103 1306 1188 praefracte
1337 1098 1600 1187 adversa,
1645 1125 1815 1185 neque
1857 1122 2043 1165 tenere
2079 1104 2348 1185 vetustam
2374 1103 2562 1167 liber-

555 1211 723 1254 tatem
740 1235 758 1264 ,
802 1210 971 1269 neque
996 1187 1130 1271 frui
1169 1206 1489 1269 recuperata
1510 1230 1528 1261 ,
1573 1182 1840 1265 conceffit.

214 1320 280 1376 Se
308 1320 510 1383 beatio·
564 1306 579 1401 '³
679 1313 942 1380 XXVII.
1007 1312 1117 1372 His
1154 1310 1401 1393 equ'dem
1440 1330 1547 1390 non
1584 1310 1836 1384 invideo,
1894 1309 2150 1393 misereor
2185 1310 2356 1397 inagis
2377 1355 2396 1387 ,
2432 1313 2568 1394 'qui

177 1407 287 1473 ’Ψ
313 1393 495 1470 jactae
556 1392 772 1463 'tanturn
808 1392 1160 1481 pertulerunt
1191 1410 1700 1475 perpetraruntque
1730 1392 2017 1473 malorum,
2064 1415 2127 1456 ut
2155 1399 2400 1476 patriam
2424 1397 2568 1477 Jer-

180 1462 494 1515 ''m‘mb'ffi
555 1466 693 1542 ¹vitio
726 1497 1055 1559 premerent.
1112 1498 1203 1539 nec
1239 1476 1370 1536 v⁴ero
1402 1480 1488 1548 is,
1531 1479 1627 1557 qui
1660 1471 1835 1557 cauffiz
1874 1496 2059 1536 eorum
2095 1479 2389 1559 praecipua
2406 1477 2565 1559 fuit,

554 1558 750 1624 latebit
790 1559 998 1619 ultores
1026 1560 1198 1620 Deos.
1284 1552 1382 1617 At⁴
1404 1578 1497 1640 ego
1530 1562 1794 1618 virtutem
1815 1600 1832 1631 ‚
1878 1556 2006 1618 licet
2042 1579 2076 1616 a
2105 1558 2357 1618 Fortuna
2385 1559 2565 1636 desti-

552 1663 681 1720 tuta
723 1662 911 1702 nomen
950 1644 1168 1721 potius,
1213 1660 1372 1720 quam
1409 1661 1529 1713 res,
1589 1636 1689 1719 effe
1726 1636 1984 1713 dicatur,
2046 1639 2192 1700 baud
2229 1640 2346 1698 ullo
2392 1660 2565 1721 prae-

557 1730 663 1788 mio
701 1722 874 1785 colui:
919 1722 1128 1784 beatior
1164 1725 1379 1780 omnino
1415 1721 1498 1782 his
1520 1766 1537 1796 ,
1583 1741 1616 1779 a
1656 1719 1850 1802 quibus
1888 1724 2066 1781 victus
2101 1721 2405 1798 existimor,
2452 1743 2569 1782 non

552 1809 984 1893 praeteritorum
1016 1805 1173 1864 modo
1212 1805 1610 1876 recordatione,
1643 1801 1746 1884 Jed
1785 1806 1948 1862 etiam
1980 1802 2347 1884 praesentium
2369 1800 2564 1885 Jettsu.

543 1888 629 1975 sie
654 1893 795 1955 enim
829 1909 899 1947 ex
932 1890 1049 1947 vita
1082 1885 1320 1961 discedo,
1363 1905 1429 1945 ut
1457 1905 1661 1946 metum
1697 1884 2069 1965 confiientiam
2088 1885 2299 1968 ftram,
2336 1887 2567 1970 famam

556 1971 863 2054 relinquam
903 1968 1030 2029 boni
1065 1971 1177 2029 viri
1216 1971 1487 2049 civisque:
1545 1988 1632 2026 res
1670 1986 1838 2047 neque
1874 1968 2042 2026 armis
2080 1966 2315 2028 obtineri
2353 1985 2556 2040 natas,

524 2077 652 2134 -nec
691 2051 806 2113 ullo
842 2072 965 2111 aere
998 2043 1270 2131 ‘parabiles
1307 2049 1658 2111 victoribus..
1682 2050 1780 2127 qui
1802 2046 1971 2128 satie,
2015 2069 2341 2129 quacumque
2372 2053 2433 2109 in
2460 2067 2566 2130 po-

430 2180 435 2187 ·
515 2156 525 2186 .-
551 2135 759 2219 sterum
787 2132 1028 2215 fortuna
1064 2134 1311 2215 egerint}
1403 2154 1468 2192 uo
1505 2129 1745 2215 ipsorum
1764 2129 2021 2209 judicio,
2084 2135 2428 2211 omniumque
2463 2130 2569 2190 ho-

556 2223 764 2279 minum
794 2215 1120 2298 sententiis,
1178 2231 1347 2297 oppre
1393 2235 1514 2274 ores
1560 2211 1875 2283 libertatis,
1940 2206 2321 2295 interfectores
2368 2211 2568 2273 melio-

559 2321 721 2374 rum,
783 2298 949 2377 hostes
970 2298 1132 2377 juris
1168 2316 1222 2356 et
1242 2292 1442 2378 aequi,
1499 2295 1674 2378 legum
1710 2292 2030 2376 eversores,
2079 2314 2136 2356 et
2159 2298 2448 2375 tyranni,
2513 2314 2570 2356 et

555 2382 761 2466 publici
797 2380 1109 2460 parricidae
1139 2378 1503 2441 habebuntur.
1731 2388 1758 2421 Ι
2539 2385 2546 2390 ’

239 2520 363 2577 Sibe
391 2539 512 2575 eon.
684 2502 976 2567 XXVIII.
1024 2503 1104 2563 Et
1140 2522 1234 2584 ego
1271 2500 1523 2581 quidem,
1568 2503 1823 2564 hactenus
1857 2520 2152 2584 expertus,
2201 2521 2336 2583 quae
2374 2500 2574 2575 debui,

201 2593 487 2648 sanarun-
561 2586 826 2670 postremo
859 2589 1021 2646 etiam
1058 2603 1268 2644 tentata
1303 2582 1507 2662 reliqui
1543 2585 1737 2646 militis
1773 2586 2055 2646 voluntate
2074 2630 2092 2659 ,
2149 2583 2431 2667 postquam
2478 2588 2578 2643 in-

207 2667 318 2716 ait.
564 2668 756 2732 utilem
790 2688 872 2727 me
899 2670 1115 2747 patriae
1148 2662 1248 2745 effi
1281 2665 1463 2738 video,
1509 2667 1640 2728 mihi
1667 2667 1957 2750 consulam.
2046 2669 2166 2729 Nec
2197 2672 2337 2726 enim
2373 2670 2438 2725 in
2474 2666 2582 2726 ho-

190 2772 199 2777 “
567 2772 693 2815 rum
737 2749 979 2811 incidere
1015 2768 1205 2807 manus
1242 2751 1499 2807 memoria
1535 2755 1739 2811 veteris
1768 2752 1980 2825 Bruti,
2026 2748 2422 2811 amaricatus
2456 2748 2581 2810 Ca-

542 2855 663 2908 -to,
719 2851 776 2892 et
816 2829 1142 2914 interfectus
1175 2831 1293 2891 Cae*
1311 2848 1379 2887 ar
1407 2825 1604 2908 sirint.
1673 2854 1739 2892 ne
1778 2827 1954 2910 Cafflo
1995 2833 2211 2914 quidem
2253 2831 2388 2891 data
2420 2827 2580 2908 fides

556 2914 820 3003 fallenda
864 2911 979 2991 tyb
1050 2913 1232 2973 Unum
1309 2928 1566 2990 eprecor‚
1624 2918 1778 2974 amici
1800 2956 1816 2988 ,
1875 2935 1942 2974 ne
1980 2920 2103 2997 quis
2139 2913 2375 2991 vestrum
2399 2956 2418 2986 ,
2454 2911 2581 2993 fiio

571 3002 713 3061 enim
754 2995 1015 3079 quosdam
1055 2995 1118 3055 id
1158 3013 1353 3077 agere,
1419 2997 1595 3069 vitam
1629 2991 1739 3076 fibi
1791 3015 1991 3056 mecum
2045 2995 2345 3077 ponendam
2388 3013 2580 3074 putet.

574 3083 747 3152 Erit,
805 3076 903 3138 ubi
934 3076 1030 3137 hoc
1050 3120 1067 3151 ,
1113 3073 1174 3156 si
1206 3073 1468 3155 neceffum
1488 3077 1682 3160 fuerit
1702 3120 1719 3151 ‚
1766 3081 1974 3139 minore
2013 3099 2131 3139 cum
2173 3072 2587 3157 reprehensione
2673 3096 2674 3099 ’

560 3163 815 3251 jaciatis.
838 3194 857 3208 ·
912 3158 1104 3237 Vestra
1145 3159 1320 3219 adhuc
1352 3176 1517 3238 opera
1541 3155 1801 3241 fhrtaffls
1838 3160 1994 3222 utilis
2032 3158 2134 3239 effi:
2166 3158 2406 3240 patriae
2458 3176 2584 3218 ote-

575 3249 692 3306 rit:
752 3263 919 3324 neque
955 3240 1108 3302 vobis
1140 3240 1269 3302 bene
1302 3242 1607 3313 moriendi,
1655 3239 1712 3321 st*
1743 3239 1873 3301 bene
1906 3246 2201 3313 vixeritis,
2261 3175 2586 3320 occasigrzem

574 3323 848 3388 invidebit
892 3326 1070 3386 Deus.
1163 3323 1303 3384 Cato
1332 3317 1517 3400 filium
1535 3322 1701 3404 suum
1736 3344 1791 3383 et
1824 3344 1904 3383 me
1924 3324 2033 3406 sibi
2069 3326 2240 3405 coegit
2278 3321 2583 3404 supereffe:

563 3411 693 3491 jam
727 3426 782 3467 et
814 3407 904 3468 illi
922 3405 1116 3490 finum
1144 3403 1347 3488 insigne
1383 3404 1635 3476 obvenit,
1680 3426 1735 3465 et
1772 3404 1904 3471 mihi
1935 3426 2190 3487 paratum
2217 3404 2312 3482 est.
2407 3405 2589 3465 Cato-

579 3511 712 3552 num
755 3510 810 3550 et
842 3492 1016 3551 Bruti
1063 3492 1274 3547 exitum
1312 3487 1567 3569 adpetere
1604 3507 1756 3547 nemo
1798 3485 1991 3562 debet,
2053 3484 2159 3569 nifi
2189 3508 2347 3570 quem
2368 3483 2592 3564 fimiles

268 3580 316 3637 g
581 3573 868 3653 adegerint
903 3570 977 3630 ad
1011 3573 1184 3630 vitam
1223 3570 1527 3629 exuendam
1561 3566 1785 3649 cauffae.
1874 3571 2031 3631 Mihi
2063 3591 2170 3630 non
2206 3569 2277 3646 est
2306 3573 2592 3651 integrum

579 3658 641 3718 in
675 3655 868 3715 horum
909 3675 990 3713 me
1025 3652 1298 3713 hominum
1332 3652 1648 3732 potestatem
1685 3651 1921 3727 dedere,
1968 3658 2062 3735 qui
2085 3673 2268 3734 neque
2295 3652 2594 3732 servatum
2671 3676 2672 3679 ¹

580 3736 793 3810 velint,
841 3756 1006 3817 neque
1034 3751 1295 3815 parcere,
1338 3730 1398 3815 si
1429 3738 1683 3815 cupiant,
1728 3733 1949 3815 pofflnt.
2010 3735 2321 3795 libertatem
2357 3752 2413 3792 et
2447 3733 2595 3815 leges

580 3817 981 3900 praeferentem
1019 3814 1263 3877 omnibus
1281 3858 1298 3889 ,
1361 3817 1773 3896 interfectorem
1824 3823 1969 3901 regis
1989 3864 2005 3893 ‚
2067 3813 2364 3898 professum
2407 3815 2591 3875 domi-

583 3904 824 3960 nationis
860 3899 1054 3981 hostem
1073 3942 1090 3972 ,
1147 3918 1296 3958 nemo
1335 3897 1575 3958 tolerare
1614 3917 1887 3979 tyrannus
1922 3902 2099 3962 debet.
2181 3901 2263 3959 At
2304 3919 2404 3958 vos
2442 3903 2590 3974 vita,

653 4089 803 4161 Gap.
838 4087 1050 4143 xxv1.
1101 4084 1257 4141 plut.
1297 4058 1307 4066 ’
1349 4087 1494 4160 eap.
1534 4088 1775 4147 xxvn.
1825 4089 1988 4145 Flor.
2022 4090 2091 4160 4,
2126 4106 2180 4158 7.
2238 4085 2404 4142 nim·
2433 4086 2595 4142 mut.

585 4159 732 4237 Capa
759 4157 1028 4215 XXVIII.
1065 4155 1324 4230 Appian.
1364 4158 1529 4214 Flor.
1566 4158 1726 4215 Plut.
