2675 4642
274 408 339 465 U.
374 424 425 462 c.
446 409 574 478 734.

264 481 335 532 A·
358 479 425 532 C.
456 478 535 533 18.

284 547 542 600 Labeonis

239 635 342 671 vox
364 616 558 672 libera.

217 1526 222 1529 -
252 1564 562 1622 Decossrcm-

221 1635 310 1716 df?
349 1634 563 1716 adulte-

220 1719 327 1758 ηις
354 1714 559 1774 agitur.

259 2708 449 2764 ,Liviae
478 2717 528 2763 et

226 2778 422 2844 &uliae
449 2797 529 2830 co·

219 2866 267 2899 m
275 2851 440 2900 flatus
452 2847 566 2901 dis·

221 2934 348 2990 par.
368 2950 381 2983 1

606 202 727 280 740
853 200 1255 266 anmsu.
1276 194 2117 264 SUPPLEMENTORUM
2144 195 2299 263 Lm.
2319 168 2429 264 ci.

600 312 1616 361 ..-.-.---ι------
2024 298 2035 317 “

610 410 956 487 ctaretur,'
988 414 1277 473 excubias
1319 411 1381 467 ei
1424 411 1884 469 constituendas
1924 409 2222 477 Patrum‚
2270 423 2429 479 quas
2468 424 2587 462 suc

609 498 854 570 quisque
893 499 1016 553 vice
1049 494 1319 559 obirent,
1372 488 1680 550 Antistius
1718 491 1935 552 Labeo
1960 536 1980 567 ‚
2026 509 2166 551 non
2206 487 2415 568 magis
2458 485 2586 547 stu-

613 574 867 639 diorum
905 574 1292 637 claritudine
1317 615 1335 644 ,
1399 591 1586 655 quam
1622 571 2001 653 incorrupta
2046 573 2348 634 libertate
2404 569 2586 629 cele-

611 656 832 720 bratus
853 702 870 733 ‚
918 682 979 720 se
1005 663 1249 738 quidem
1282 660 1816 720 somnolentiae-em
1839 678 1985 729 esse,
2023 654 2219 726 dixit,
2263 664 2325 715 et
2357 656 2445 713 ad
2470 676 2585 714 ex·

615 739 829 796 cubias
861 739 1137 816 agendas
1160 743 1458 814 ineptum.

729 852 893 911 XLI.
939 850 1070 912 Sed
1104 848 1443 934 Augustus,
1478 851 1787 932 'guaviter
1821 869 2060 931 urgens
2093 861 2344 930 coepta,
2392 852 2576 910 coer-

597 931 810 993 cendo
849 932 1086 993 ambitu
1123 933 1362 1001 sanxit,
1409 940 1517 998 ut,
1566 934 1669 1004 qui
1705 933 2032 1003 pecuniam
2063 934 2478 1003 magistratus
2514 947 2572 984 a·

598 1012 940 1084 dipiscendi
971 1026 1192 1073 caussa
1222 1012 1510 1078 dedisset,
1546 1010 1962 1081 promisisset,
1998 1006 2578 1093 ejus-magistratus

591 1086 889 1159 petitione
928 1088 993 1143 in
1019 1089 1490 1161 quinquennium
1530 1095 1856 1141 arceretur.
1929 1086 2161 1159 Majori
2200 1099 2355 1139 cura
2394 1100 2579 1174 inge-

592 1186 865 1226 nuorum
908 1167 1143 1227 civium
1181 1166 1476 1249 augendo
1515 1185 1784 1226 numero
1824 1162 2094 1233 studuit,
2158 1161 2472 1242 praemiis
2507 1180 2576 1219 iu

590 1247 858 1307 maritos
894 1261 960 1308 et
995 1260 1216 1331 patres
1247 1247 1531 1309 adauctis
1554 1260 1681 1320 ‚et
1717 1244 2066 1326 majoribus
2107 1243 2343 1323 poenis
2380 1261 2573 1303 vexa-

590 1340 659 1387 to
686 1328 1030 1401 coelibatu,
1074 1327 1398 1413 postquam
1419 1330 1712 1412 priorum
1738 1328 1953 1410 legum
1978 1320 2351 1385 sanctiones
2387 1343 2572 1404 sper·

587 1409 925 1470 nebantur.
1008 1413 1113 1482 Et,
1160 1409 1414 1494 quaudo
1445 1411 1666 1507 plures
1690 1406 2070 1470 mulieribus
2108 1423 2321 1464 mares
2361 1416 2570 1477 erant,

589 1490 783 1550 etiam
828 1491 1164 1553 libertinas
1205 1494 1502 1575 permisit
1550 1491 1737 1564 duci,
1797 1502 2248 1574 praeterquam
2314 1500 2574 1546 senato-

590 1571 792 1633 ribus.
878 1574 1057 1635 Haec
1089 1574 1346 1656 negotia
1391 1575 1538 1635 dum
1575 1587 1927 1635 tractantur
1954 1612 1969 1641 ,
2043 1580 2389 1627 senatores
2430 1568 2575 1649 qui-

591 1652 732 1714 dam
759 1653 838 1716 de
869 1669 1296 1717 matronarum
1330 1661 1522 1739 at'que
1553 1656 1855 1737 juvenum
1889 1672 1962 1712 re
2013 1646 2306 1710 rimenda
2340 1648 2571 1709 immo-

591 1734 785 1796 destia
816 1738 1156 1799 Caesarem
1194 1736 1731 1820 interpellarunt,
1786 1756 1951 1821 quau
2001 1753 2038 1793 o
2082 1742 2361 1813 propter
2407 1728 2571 1815 hane

590 1817 780 1879 etiam
820 1818 1124 1902 pauciora
1158 1820 1560 1880 matrimonia
1610 1816 2170 1881 contraherentur.
2234 1814 2383 1894 Ipse
2421 1831 2571 1894 sug-

637 1899 808 1961 illari
845 1914 1110 1983 putans,
1177 1901 1352 1982 quod
1398 1903 1744 1962 multorum
1796 1916 2030 1961 uxores
2074 1908 2564 1976 corrumperet,

591 1919 754 2041 {auc
790 1980 1051 2065 quidem
1100 1982 1605 2049 sollicitudinem
1642 1980 2039 2056 declinabat3
2086 1983 2244 2057 quod
2267 1985 2429 2052 fieri
2468 2004 2563 2056 po.

591 2072 826 2135 tuisset,
866 2075 1174 2143 provisum
1203 2065 1546 2145 inquiens;
1595 2096 1718 2133 non
1753 2079 1955 2132 antem
1974 2091 2149 2145 posse
2175 2078 2395 2132 onznia
2430 2079 2564 2143 pari

597 2155 996 2217 adcuratione
1038 2156 1350 2216 constitui.
1441 2156 1820 2230 urgentibus
1885 2153 2078 2221 dein,
2139 2171 2317 2208 suam
2364 2159 2563 2226 cuique

593 2237 919 2316 conjugem
952 2244 1301 2303 domesticis
1318 2244 1660 2312 praeceptis
1685 2244 2082 2315 formandam
2103 2261 2251 2313 esse,
2292 2255 2564 2318 respon-

592 2318 710 2389 dit,
759 2323 1277 2394 quemadmodum
1310 2323 1439 2391 ipse
1457 2333 1727 2382 moneret
1753 2325 1989 2381 Liviam
2022 2343 2219 2379 suam.
2294 2317 2422 2377 His
2461 2338 2567 2376 ex-

591 2400 783 2462 citata
812 2401 1067 2483 potius,
1116 2422 1301 2485 quam
1353 2403 1671 2481 repressa,
1725 2402 2137 2485 quorumdam
2182 2398 2566 2482 improbitas

591 2501 784 2543 orare
807 2502 937 2543 non
967 2482 1224 2555 destitit,
1247 2482 1623 2566 priusquam
1654 2486 1720 2546 in
1748 2487 1910 2547 hanc
1937 2506 2076 2547 rem
2107 2485 2345 2546 Caesar
2373 2501 2570 2562 quae-

591 2561 735 2624 dam
772 2562 1149 2636 differeret,
1208 2565 1290 2626 de
1329 2561 1506 2624 cultu
1546 2568 1768 2630 uxoris
1819 2588 2007 2640 suae,
2073 2562 2566 2703 egress'ibusffiue

590 2643 730 2725 ejus
766 2657 831 2705 et
874 2645 1204 2719 comitatu,
1259 2644 1497 2728 quibus
1527 2648 1637 2708 illa
1688 2648 1986 2731 profecto
2033 2650 2226 2711 rebus
2266 2642 2454 2712 lauda
2503 2666 2572 2703 a·

590 2739 718 2787 tur.
804 2720 1038 2822 Estque
1080 2741 1265 2796 nota,
1321 2724 1437 2788 sed
1483 2730 1918 2792 memorabilis
1952 2730 2164 2792 fabula
2196 2769 2212 2799 ‚
2276 2746 2474 2806 quum
2502 2747 2572 2784 a-

596 2805 901 2891 liquando
932 2829 999 2868 in
1036 2812 1405 2891 spectaculo
1438 2811 1859 2890 gladiatorum
1903 2811 2083 2874 Livia
2125 2807 2435 2895 gravibus
2473 2807 2572 2869 vi-

594 2890 689 2950 ris
725 2930 741 2960 ‚
800 2889 971 2951 Julia
1011 2891 1380 2953 luxuriosae
1419 2889 1773 2970 juventutis
1821 2915 2020 2978 grege
2056 2894 2304 2955 cinctae
2338 2907 2574 2948 conse-

595 2969 864 3043 diss'ent‚
951 2973 1195 3056 scripto
1252 2973 1415 3034 hanc
1468 2974 1850 3038 admonitam
1908 2999 1941 3037 a
1994 2990 2213 3058 patre,
2293 2980 2574 3049 Vident,

594 3060 883 3126 quantum
923 3055 1082 3110 inter
1114 3053 1268 3112 duas
1295 3058 1605 3128 principes
1639 3056 1922 3131 feminas
1954 3060 2296 3117 interesset.

719 3175 914 3234 XLII.
958 3173 1168 3270 Quum
1206 3189 1417 3237 autem
1449 3178 1808 3239 censoriam
1839 3175 2167 3239 exercenti
2196 3174 2575 3260 potestatem

594 3256 848 3316 oblatus
885 3258 1041 3318 elret
1072 3256 1477 3331 adolescens,
1524 3259 1633 3342 qui
1677 3260 1861 3344 prius
1896 3257 2213 3320 adulterio
2246 3260 2576 3341 cognitam

595 3335 903 3413 duxerat3
964 3339 1078 3400 diu
1117 3336 1437 3413 aestuans,
1507 3361 1699 3422 quum
1741 3362 1862 3403 nec
1896 3341 2233 3422 negligere
2273 3338 2573 3412 facinus,

594 3439 719 3480 nec
753 3420 1024 3500 punire,
1072 3422 1382 3495 auderet,
1428 3422 1681 3484 taudem
1724 3423 1898 3489 infit:
1942 3429 2121 3487 Talia
2157 3429 2358 3487 multa
2396 3433 2579 3488 nobis
2668 3484 2669 3501 ,

597 3503 837 3557 atrocia
873 3508 931 3557 et
966 3503 1251 3569 pudenda
1288 3504 1493 3562 civiles
1526 3502 1936 3563 dissensiones
1977 3507 2364 3570 adtulerunt,
2426 3509 2580 3563 obli·

596 3572 769 3626 viane
791 3570 1172 3642 sepelienda:
1229 3575 1335 3631 secl
1368 3576 1433 3630 in
1476 3584 1778 3646 posterum
1815 3577 2283 3648 prospiciamus,
2342 3595 2422 3632 ne
2451 3577 2580 3635 tale

600 3651 746 3724 quid
776 3653 1036 3708 eveniat.
1112 3648 1220 3721 At,
1264 3665 1457 3726 quum
1482 3645 1737 3726 quidam
1772 3645 2048 3706 infantes
2080 3645 2286 3705 adhuc
2321 3648 2579 3727 puellas
2666 3718 2667 3723 ἵ

602 3731 1107 3814 desponderent,
1153 3745 1218 3793 et
1259 3728 1542 3808 praemia
1574 3727 1995 3790 nihilominus
2020 3727 2397 3788 maritorum
2438 3727 2578 3788 fer·
2666 3770 2667 3805 ᾖ

665 3890 950 3962 ΟαΡ.Χῑι.
987 3888 1128 3942 Dio.
1163 3890 1303 3942 Tac.
1326 3885 1655 3954 Anu.3,75‚
1728 3885 2033 3958 cap.xL1.
2070 3886 2206 3941 Dio.
2245 3887 2391 3940 Tac.
2418 3885 2575 3939 Anu.

602 3961 657 4026 3,
688 3963 773 4016 25.
811 3967 868 4012 et
896 3957 981 4011 ibi
1005 3959 1069 4012 Li
1120 3976 1165 4012 s,
1206 3958 1452 4013 Sueton.
1482 3953 1735 4027 Aug.34.
1774 3957 1911 4011 Dio.
1951 3955 2110 4025 Lips.
2147 3953 2285 4008 Dio.
2325 3954 2575 4008 Sueton.

603 4029 859 4099 Aug.6q.
897 4026 1034 4079 Dio.
1177 4025 1348 4081 crob-
1383 4027 1506 4082 Sat.
1536 4042 1591 4096 a,
1623 4027 1681 4083 5.
1754 4026 1901 4100 Gap,
1933 4027 2106 4081 XLII.
2142 4021 2281 4078 Dio.
2318 4024 2573 4080 Sueton-

605 4099 755 4167 Aug.
788 4097 875 4157 34.
909 4093 1065 4168 Lips.
1102 4094 1244 4151 Dio.
