<?xml version="1.0" encoding="UTF-8"?>
<!DOCTYPE html PUBLIC "-//W3C//DTD XHTML 1.0 Transitional//EN"
    "http://www.w3.org/TR/xhtml1/DTD/xhtml1-transitional.dtd">
<html xmlns="http://www.w3.org/1999/xhtml" xml:lang="en" lang="en">
 <head>
  <title>
</title>
<meta http-equiv="Content-Type" content="text/html;charset=utf-8" />
  <meta name='ocr-system' content='tesseract 3.04.00' />
  <meta name='ocr-capabilities' content='ocr_page ocr_carea ocr_par ocr_line ocrx_word'/>
</head>
<body>
  <div class='ocr_page' id='page_1' title='image "./tliviipatavinih18unkngoog_0719.png"; bbox 0 0 2675 4642; ppageno 0'>
   <div class='ocr_carea' id='block_1_1' title="bbox 459 169 2153 312">
    <p class='ocr_par' dir='ltr' id='par_1_1' title="bbox 459 169 2153 312">
     <span class='ocr_line' id='line_1_1' title="bbox 459 169 2153 312; baseline -0.002 -33"><span class='ocrx_word' id='word_1_1' title='bbox 459 215 548 282; x_wconf 78' lang='lat' dir='ltr'><strong>m</strong></span> <span class='ocrx_word' id='word_1_2' title='bbox 589 169 893 279; x_wconf 71' lang='lat' dir='ltr'><strong>noenu</strong></span> <span class='ocrx_word' id='word_1_3' title='bbox 923 212 1093 277; x_wconf 77' lang='lat' dir='ltr'><strong>Lm.</strong></span> <span class='ocrx_word' id='word_1_4' title='bbox 1128 212 1472 280; x_wconf 79' lang='lat' dir='ltr'><strong>cxxxlv.</strong></span> <span class='ocrx_word' id='word_1_5' title='bbox 1520 211 1758 312; x_wconf 63' lang='lat' dir='ltr'><strong>mvn.</strong></span> <span class='ocrx_word' id='word_1_6' title='bbox 1952 205 2075 293; x_wconf 76' lang='lat'><strong>703</strong></span> <span class='ocrx_word' id='word_1_7' title='bbox 2136 202 2153 220; x_wconf 87' lang='lat'>&#39;</span> 
     </span>
    </p>
   </div>
   <div class='ocr_carea' id='block_1_2' title="bbox 90 424 2422 676">
    <p class='ocr_par' dir='ltr' id='par_1_2' title="bbox 90 424 2422 676">
     <span class='ocr_line' id='line_1_2' title="bbox 90 424 2422 507; baseline -0.004 -16"><span class='ocrx_word' id='word_1_8' title='bbox 90 443 201 492; x_wconf 83' lang='lat' dir='ltr'><strong>cta</strong></span> <span class='ocrx_word' id='word_1_9' title='bbox 247 427 539 501; x_wconf 88' lang='lat' dir='ltr'><strong>Corsica,</strong></span> <span class='ocrx_word' id='word_1_10' title='bbox 588 426 904 496; x_wconf 85' lang='lat' dir='ltr'><strong>Siciliam,</strong></span> <span class='ocrx_word' id='word_1_11' title='bbox 952 424 1308 507; x_wconf 85' lang='lat' dir='ltr'><strong>Illyricum,</strong></span> <span class='ocrx_word' id='word_1_12' title='bbox 1353 428 1814 502; x_wconf 76' lang='lat' dir='ltr'><strong>Macedoniam,</strong></span> <span class='ocrx_word' id='word_1_13' title='bbox 1861 426 2067 487; x_wconf 78' lang='lat' dir='ltr'><strong>Ach&#39;a-</strong></span> <span class='ocrx_word' id='word_1_14' title='bbox 2128 428 2200 484; x_wconf 86' lang='lat' dir='ltr'><strong>U.</strong></span> <span class='ocrx_word' id='word_1_15' title='bbox 2225 428 2422 498; x_wconf 74' lang='lat' dir='ltr'><strong>c.¹725.</strong></span> 
     </span>
     <span class='ocr_line' id='line_1_3' title="bbox 90 500 2388 594; baseline -0.001 -23"><span class='ocrx_word' id='word_1_16' title='bbox 90 511 262 591; x_wconf 65' lang='lat' dir='ltr'><strong>jam„</strong></span> <span class='ocrx_word' id='word_1_17' title='bbox 326 512 580 571; x_wconf 83' lang='lat' dir='ltr'><strong>Cretam</strong></span> <span class='ocrx_word' id='word_1_18' title='bbox 613 529 757 570; x_wconf 89' lang='lat' dir='ltr'><strong>oum</strong></span> <span class='ocrx_word' id='word_1_19' title='bbox 795 510 1081 589; x_wconf 78' lang='lat' dir='ltr'>Cyrene,</span> <span class='ocrx_word' id='word_1_20' title='bbox 1140 509 1415 592; x_wconf 80' lang='lat' dir='ltr'><strong>Cyprum</strong></span> <span class='ocrx_word' id='word_1_21' title='bbox 1440 553 1459 586; x_wconf 88' lang='lat'><strong>,</strong></span> <span class='ocrx_word' id='word_1_22' title='bbox 1518 509 1880 594; x_wconf 77' lang='lat' dir='ltr'><strong>Bithyniam</strong></span> <span class='ocrx_word' id='word_1_23' title='bbox 1923 527 2067 572; x_wconf 85' lang='lat' dir='ltr'><strong>cum</strong></span> <span class='ocrx_word' id='word_1_24' title='bbox 2124 500 2388 568; x_wconf 48' lang='lat'><strong>&amp;00²7-</strong></span> 
     </span>
     <span class='ocr_line' id='line_1_4' title="bbox 94 590 1563 676; baseline -0.002 -21"><span class='ocrx_word' id='word_1_25' title='bbox 94 591 519 675; x_wconf 82' lang='lat' dir='ltr'><strong>Propontide</strong></span> <span class='ocrx_word' id='word_1_26' title='bbox 550 590 892 675; x_wconf 80' lang='lat' dir='ltr'><strong>vicinaque</strong></span> <span class='ocrx_word' id='word_1_27' title='bbox 927 604 1111 676; x_wconf 82' lang='lat' dir='ltr'><strong>parte</strong></span> <span class='ocrx_word' id='word_1_28' title='bbox 1145 590 1365 652; x_wconf 84' lang='lat' dir='ltr'><strong>Ponti.</strong></span> <span class='ocrx_word' id='word_1_29' title='bbox 1560 611 1563 618; x_wconf 45' lang='lat'>⁸</span> 
     </span>
    </p>
   </div>
   <div class='ocr_carea' id='block_1_3' title="bbox 86 683 2518 3740">
    <p class='ocr_par' dir='ltr' id='par_1_3' title="bbox 86 683 2518 1853">
     <span class='ocr_line' id='line_1_5' title="bbox 220 683 2466 794; baseline -0.004 -34"><span class='ocrx_word' id='word_1_30' title='bbox 220 683 512 761; x_wconf 78' lang='lat' dir='ltr'><strong>xcvn&#39;t.</strong></span> <span class='ocrx_word' id='word_1_31' title='bbox 560 698 719 758; x_wconf 86' lang='lat' dir='ltr'><strong>Suas</strong></span> <span class='ocrx_word' id='word_1_32' title='bbox 770 710 977 758; x_wconf 89' lang='lat' dir='ltr'><strong>autem</strong></span> <span class='ocrx_word' id='word_1_33' title='bbox 1011 694 1385 784; x_wconf 65' lang='lat' dir='ltr'><strong>provincias</strong></span> <span class='ocrx_word' id='word_1_34' title='bbox 1430 718 1466 758; x_wconf 89' lang='lat' dir='ltr'><strong>a</strong></span> <span class='ocrx_word' id='word_1_35' title='bbox 1509 715 1580 759; x_wconf 89' lang='lat' dir='ltr'><strong>se</strong></span> <span class='ocrx_word' id='word_1_36' title='bbox 1620 715 1749 757; x_wconf 86' lang='lat' dir='ltr'><strong>uno</strong></span> <span class='ocrx_word' id='word_1_37' title='bbox 1793 695 2064 759; x_wconf 79' lang='lat' dir='ltr'><strong>delectis</strong></span> <span class='ocrx_word' id='word_1_38' title='bbox 2124 724 2315 794; x_wconf 49' lang='lat' dir='ltr'><strong>mm,</strong></span> <span class='ocrx_word' id='word_1_39' title='bbox 2349 726 2408 778; x_wconf 70' lang='lat' dir='ltr'><strong>in</strong></span> <span class='ocrx_word' id='word_1_40' title='bbox 2448 727 2466 750; x_wconf 74' lang='grc'><strong>.</strong></span> 
     </span>
     <span class='ocr_line' id='line_1_6' title="bbox 89 777 2390 865; baseline -0.003 -20"><span class='ocrx_word' id='word_1_41' title='bbox 89 781 375 845; x_wconf 82' lang='lat' dir='ltr'><strong>tradidit</strong></span> <span class='ocrx_word' id='word_1_42' title='bbox 418 782 652 841; x_wconf 87' lang='lat' dir='ltr'><strong>Caesar</strong></span> <span class='ocrx_word' id='word_1_43' title='bbox 675 821 691 851; x_wconf 89' lang='lat'><strong>,</strong></span> <span class='ocrx_word' id='word_1_44' title='bbox 758 777 1200 862; x_wconf 85' lang='lat' dir='ltr'><strong>adpellarique‘</strong></span> <span class='ocrx_word' id='word_1_45' title='bbox 1231 780 1482 861; x_wconf 83' lang='lat' dir='ltr'><strong>legatos</strong></span> <span class='ocrx_word' id='word_1_46' title='bbox 1505 821 1522 851; x_wconf 90' lang='lat'><strong>,</strong></span> <span class='ocrx_word' id='word_1_47' title='bbox 1584 778 1836 839; x_wconf 87' lang='lat' dir='ltr'><strong>etiamsi</strong></span> <span class='ocrx_word' id='word_1_48' title='bbox 1891 779 2065 841; x_wconf 89' lang='lat' dir='ltr'><strong>forte</strong></span> <span class='ocrx_word' id='word_1_49' title='bbox 2089 795 2390 865; x_wconf 70' lang='lat' dir='ltr'><strong>provinciis</strong></span> 
     </span>
     <span class='ocr_line' id='line_1_7' title="bbox 88 860 2506 946; baseline -0.004 -19"><span class='ocrx_word' id='word_1_50' title='bbox 88 863 503 927; x_wconf 87' lang='lat' dir='ltr'><strong>consulatum</strong></span> <span class='ocrx_word' id='word_1_51' title='bbox 537 861 878 946; x_wconf 83' lang='lat' dir='ltr'><strong>geffiss&#39;ent,</strong></span> <span class='ocrx_word' id='word_1_52' title='bbox 920 861 1148 922; x_wconf 73' lang='lat' dir='ltr'><strong>voluit.</strong></span> <span class='ocrx_word' id='word_1_53' title='bbox 1231 861 1357 921; x_wconf 80' lang='lat' dir='ltr'><strong>His</strong></span> <span class='ocrx_word' id='word_1_54' title='bbox 1405 881 1536 921; x_wconf 91' lang='lat' dir='ltr'><strong>non</strong></span> <span class='ocrx_word' id='word_1_55' title='bbox 1568 860 1902 942; x_wconf 81' lang='lat' dir='ltr'><strong>temporis,</strong></span> <span class='ocrx_word' id='word_1_56' title='bbox 1950 860 2066 923; x_wconf 89' lang='lat' dir='ltr'><strong>sed</strong></span> <span class='ocrx_word' id='word_1_57' title='bbox 2094 864 2368 918; x_wconf 65' lang='lat' dir='ltr'><strong>Cauris.</strong></span> <span class='ocrx_word' id='word_1_58' title='bbox 2501 881 2506 898; x_wconf 78' lang='lat'><strong>·</strong></span> 
     </span>
     <span class='ocr_line' id='line_1_8' title="bbox 87 939 2071 1027; baseline -0.001 -20"><span class='ocrx_word' id='word_1_59' title='bbox 87 944 456 1007; x_wconf 82' lang='lat' dir='ltr'><strong>voluntatis</strong></span> <span class='ocrx_word' id='word_1_60' title='bbox 486 963 657 1016; x_wconf 88' lang='lat' dir='ltr'><strong>suae,</strong></span> <span class='ocrx_word' id='word_1_61' title='bbox 701 941 894 1004; x_wconf 88' lang='lat' dir='ltr'><strong>modo</strong></span> <span class='ocrx_word' id='word_1_62' title='bbox 929 939 1194 1004; x_wconf 87' lang='lat' dir='ltr'><strong>finiebat</strong></span> <span class='ocrx_word' id='word_1_63' title='bbox 1225 943 1460 1003; x_wconf 83' lang='lat' dir='ltr'><strong>Caesar</strong></span> <span class='ocrx_word' id='word_1_64' title='bbox 1491 939 1901 1027; x_wconf 72' lang='lat' dir='ltr'><strong>potestatemt</strong></span> <span class='ocrx_word' id='word_1_65' title='bbox 1947 945 2071 1004; x_wconf 86' lang='lat' dir='ltr'><strong>mi·</strong></span> 
     </span>
     <span class='ocr_line' id='line_1_9' title="bbox 86 1023 2066 1107; baseline -0.002 -18"><span class='ocrx_word' id='word_1_66' title='bbox 86 1027 277 1089; x_wconf 88' lang='lat' dir='ltr'><strong>litari</strong></span> <span class='ocrx_word' id='word_1_67' title='bbox 314 1025 534 1086; x_wconf 82' lang='lat' dir='ltr'><strong>habitu</strong></span> <span class='ocrx_word' id='word_1_68' title='bbox 559 1025 903 1107; x_wconf 84' lang='lat' dir='ltr'><strong>cinctuque</strong></span> <span class='ocrx_word' id='word_1_69' title='bbox 930 1024 1433 1107; x_wconf 79' lang='lat' dir='ltr'><strong>conspiciendis,</strong></span> <span class='ocrx_word' id='word_1_70' title='bbox 1480 1039 1549 1087; x_wconf 88' lang='lat' dir='ltr'><strong>ut</strong></span> <span class='ocrx_word' id='word_1_71' title='bbox 1573 1023 1911 1105; x_wconf 71' lang='lat' dir='ltr'><strong>quibus‚in</strong></span> <span class='ocrx_word' id='word_1_72' title='bbox 1946 1026 2066 1085; x_wconf 88' lang='lat' dir='ltr'><strong>mi-</strong></span> 
     </span>
     <span class='ocr_line' id='line_1_10' title="bbox 87 1104 2067 1187; baseline -0.001 -16"><span class='ocrx_word' id='word_1_73' title='bbox 87 1110 252 1171; x_wconf 77' lang='lat' dir='ltr'><strong>lltes</strong></span> <span class='ocrx_word' id='word_1_74' title='bbox 285 1106 831 1181; x_wconf 75' lang='lat' dir='ltr'><strong>animadvertendi</strong></span> <span class='ocrx_word' id='word_1_75' title='bbox 858 1107 1215 1169; x_wconf 80' lang='lat' dir='ltr'><strong>concess&#39;um</strong></span> <span class='ocrx_word' id='word_1_76' title='bbox 1246 1104 1344 1185; x_wconf 84' lang='lat' dir='ltr'><strong>jus</strong></span> <span class='ocrx_word' id='word_1_77' title='bbox 1392 1106 1583 1168; x_wconf 81' lang='lat' dir='ltr'><strong>ess&#39;et:</strong></span> <span class='ocrx_word' id='word_1_78' title='bbox 1632 1104 1699 1165; x_wconf 88' lang='lat' dir='ltr'><strong>id</strong></span> <span class='ocrx_word' id='word_1_79' title='bbox 1728 1106 1896 1166; x_wconf 89' lang='lat' dir='ltr'><strong>enim</strong></span> <span class='ocrx_word' id='word_1_80' title='bbox 1928 1108 2067 1187; x_wconf 85' lang='lat' dir='ltr'><strong>ejus</strong></span> 
     </span>
     <span class='ocr_line' id='line_1_11' title="bbox 87 1186 2065 1274; baseline -0.002 -22"><span class='ocrx_word' id='word_1_81' title='bbox 87 1189 430 1274; x_wconf 77' lang='lat' dir='ltr'><strong>potestatis</strong></span> <span class='ocrx_word' id='word_1_82' title='bbox 455 1189 709 1272; x_wconf 80' lang='lat' dir='ltr'><strong>insigne</strong></span> <span class='ocrx_word' id='word_1_83' title='bbox 734 1187 840 1261; x_wconf 83' lang='lat' dir='ltr'><strong>est,</strong></span> <span class='ocrx_word' id='word_1_84' title='bbox 878 1207 998 1250; x_wconf 89' lang='lat' dir='ltr'><strong>nec</strong></span> <span class='ocrx_word' id='word_1_85' title='bbox 1027 1186 1276 1249; x_wconf 79' lang='lat' dir='ltr'><strong>abaliis</strong></span> <span class='ocrx_word' id='word_1_86' title='bbox 1301 1200 1663 1271; x_wconf 85' lang='lat' dir='ltr'><strong>usurpatur.</strong></span> <span class='ocrx_word' id='word_1_87' title='bbox 1725 1188 1930 1252; x_wconf 86' lang='lat' dir='ltr'><strong>Senos</strong></span> <span class='ocrx_word' id='word_1_88' title='bbox 1955 1212 2065 1250; x_wconf 85' lang='lat' dir='ltr'><strong>au-</strong></span> 
     </span>
     <span class='ocr_line' id='line_1_12' title="bbox 89 1263 2067 1354; baseline -0.002 -19"><span class='ocrx_word' id='word_1_89' title='bbox 89 1288 233 1335; x_wconf 87' lang='lat' dir='ltr'><strong>tem</strong></span> <span class='ocrx_word' id='word_1_90' title='bbox 256 1273 526 1333; x_wconf 79' lang='lat' dir='ltr'><strong>lictores</strong></span> <span class='ocrx_word' id='word_1_91' title='bbox 558 1270 895 1342; x_wconf 89' lang='lat' dir='ltr'><strong>habebant,</strong></span> <span class='ocrx_word' id='word_1_92' title='bbox 940 1282 1255 1354; x_wconf 85' lang='lat' dir='ltr'><strong>quotquot</strong></span> <span class='ocrx_word' id='word_1_93' title='bbox 1287 1290 1511 1331; x_wconf 89' lang='lat' dir='ltr'><strong>eorum</strong></span> <span class='ocrx_word' id='word_1_94' title='bbox 1540 1263 1670 1329; x_wconf 82' lang='lat' dir='ltr'><strong>non</strong></span> <span class='ocrx_word' id='word_1_95' title='bbox 1691 1269 1888 1332; x_wconf 81' lang='lat' dir='ltr'><strong>ess&#39;ent</strong></span> <span class='ocrx_word' id='word_1_96' title='bbox 1909 1290 2067 1332; x_wconf 88' lang='lat' dir='ltr'><strong>con-</strong></span> 
     </span>
     <span class='ocr_line' id='line_1_13' title="bbox 93 1350 2063 1436; baseline -0.001 -19"><span class='ocrx_word' id='word_1_97' title='bbox 93 1355 313 1417; x_wconf 84' lang='lat' dir='ltr'><strong>sulatu</strong></span> <span class='ocrx_word' id='word_1_98' title='bbox 341 1351 568 1424; x_wconf 84' lang='lat' dir='ltr'><strong>functi,</strong></span> <span class='ocrx_word' id='word_1_99' title='bbox 615 1366 804 1436; x_wconf 88' lang='lat' dir='ltr'><strong>atque</strong></span> <span class='ocrx_word' id='word_1_100' title='bbox 838 1350 989 1412; x_wconf 80' lang='lat' dir='ltr'><strong>binc</strong></span> <span class='ocrx_word' id='word_1_101' title='bbox 1028 1351 1124 1412; x_wconf 90' lang='lat' dir='ltr'><strong>eis</strong></span> <span class='ocrx_word' id='word_1_102' title='bbox 1147 1350 1323 1435; x_wconf 66' lang='lat' dir='ltr'><strong>‘apud</strong></span> <span class='ocrx_word' id='word_1_103' title='bbox 1346 1352 1631 1414; x_wconf 83' lang='lat' dir='ltr'><strong>Graecos</strong></span> <span class='ocrx_word' id='word_1_104' title='bbox 1661 1371 1898 1414; x_wconf 87' lang='lat' dir='ltr'><strong>nomen</strong></span> <span class='ocrx_word' id='word_1_105' title='bbox 1917 1354 2063 1416; x_wconf 81' lang='lat' dir='ltr'><strong>fuit.</strong></span> 
     </span>
     <span class='ocr_line' id='line_1_14' title="bbox 95 1433 2518 1518; baseline -0.001 -21"><span class='ocrx_word' id='word_1_106' title='bbox 95 1438 318 1518; x_wconf 80' lang='lat' dir='ltr'>Saepe</span> <span class='ocrx_word' id='word_1_107' title='bbox 339 1449 546 1496; x_wconf 87' lang='lat' dir='ltr'><strong>autem</strong></span> <span class='ocrx_word' id='word_1_108' title='bbox 569 1433 831 1509; x_wconf 85' lang='lat' dir='ltr'><strong>adcidit,</strong></span> <span class='ocrx_word' id='word_1_109' title='bbox 866 1448 936 1496; x_wconf 91' lang='lat' dir='ltr'><strong>ut</strong></span> <span class='ocrx_word' id='word_1_110' title='bbox 956 1434 1282 1497; x_wconf 85' lang='lat' dir='ltr'><strong>voluntate</strong></span> <span class='ocrx_word' id='word_1_111' title='bbox 1301 1434 1596 1496; x_wconf 77' lang='lat' dir='ltr'><strong>Caesaris</strong></span> <span class='ocrx_word' id='word_1_112' title='bbox 1620 1434 1806 1494; x_wconf 88' lang='lat' dir='ltr'><strong>etiam</strong></span> <span class='ocrx_word' id='word_1_113' title='bbox 1831 1455 2064 1497; x_wconf 84' lang='lat' dir='ltr'><strong>consu·</strong></span> <span class='ocrx_word' id='word_1_114' title='bbox 2115 1438 2451 1516; x_wconf 58' lang='lat' dir='ltr'><strong>magistratu</strong></span> <span class='ocrx_word' id='word_1_115' title='bbox 2509 1443 2518 1450; x_wconf 83' lang='lat'><em>&#39;</em></span> 
     </span>
     <span class='ocr_line' id='line_1_15' title="bbox 93 1509 2397 1600; baseline -0.001 -22"><span class='ocrx_word' id='word_1_116' title='bbox 93 1518 201 1579; x_wconf 87' lang='lat' dir='ltr'><strong>les</strong></span> <span class='ocrx_word' id='word_1_117' title='bbox 231 1531 700 1600; x_wconf 78' lang='lat' dir='ltr'><strong>praetoresque</strong></span> <span class='ocrx_word' id='word_1_118' title='bbox 733 1516 802 1576; x_wconf 89' lang='lat' dir='ltr'><strong>in</strong></span> <span class='ocrx_word' id='word_1_119' title='bbox 846 1513 1209 1599; x_wconf 83' lang='lat' dir='ltr'><strong>magistratu</strong></span> <span class='ocrx_word' id='word_1_120' title='bbox 1247 1535 1363 1577; x_wconf 89' lang='lat' dir='ltr'><strong>suo</strong></span> <span class='ocrx_word' id='word_1_121' title='bbox 1397 1515 1765 1598; x_wconf 86' lang='lat' dir='ltr'><strong>provincias</strong></span> <span class='ocrx_word' id='word_1_122' title='bbox 1810 1517 2061 1584; x_wconf 87' lang='lat' dir='ltr'><strong>obtine·</strong></span> <span class='ocrx_word' id='word_1_123' title='bbox 2077 1509 2263 1576; x_wconf 75' lang='lat' dir='ltr'><strong>sumi</strong></span> <span class='ocrx_word' id='word_1_124' title='bbox 2298 1529 2397 1591; x_wconf 58' lang='grc' dir='ltr'><strong>’ψη</strong></span> 
     </span>
     <span class='ocr_line' id='line_1_16' title="bbox 91 1591 2396 1681; baseline 0 -21"><span class='ocrx_word' id='word_1_125' title='bbox 91 1613 271 1661; x_wconf 85' lang='lat' dir='ltr'><strong>rent.</strong></span> <span class='ocrx_word' id='word_1_126' title='bbox 354 1597 526 1659; x_wconf 81' lang='lat' dir='ltr'><strong>ldem</strong></span> <span class='ocrx_word' id='word_1_127' title='bbox 557 1612 769 1659; x_wconf 88' lang='lat' dir='ltr'><strong>tamen</strong></span> <span class='ocrx_word' id='word_1_128' title='bbox 799 1611 1022 1660; x_wconf 80' lang='lat' dir='ltr'><strong>auctor</strong></span> <span class='ocrx_word' id='word_1_129' title='bbox 1049 1596 1175 1658; x_wconf 79' lang='lat' dir='ltr'><strong>fuit</strong></span> <span class='ocrx_word' id='word_1_130' title='bbox 1203 1594 1491 1671; x_wconf 83' lang='lat' dir='ltr'><strong>instituti,</strong></span> <span class='ocrx_word' id='word_1_131' title='bbox 1535 1617 1617 1657; x_wconf 91' lang='lat' dir='ltr'><strong>ne</strong></span> <span class='ocrx_word' id='word_1_132' title='bbox 1645 1597 2056 1681; x_wconf 82' lang='lat' dir='ltr'><strong>magistratus,</strong></span> <span class='ocrx_word' id='word_1_133' title='bbox 2089 1591 2213 1631; x_wconf 69' lang='lat'><strong>‘’⁸“</strong></span> <span class='ocrx_word' id='word_1_134' title='bbox 2242 1596 2396 1649; x_wconf 54' lang='grc' dir='ltr'><strong>ΨΜ·</strong></span> 
     </span>
     <span class='ocr_line' id='line_1_17' title="bbox 87 1662 2442 1785; baseline 0 -42"><span class='ocrx_word' id='word_1_135' title='bbox 87 1680 402 1775; x_wconf 38' lang='lat' dir='ltr'><strong>‘deposito</strong></span> <span class='ocrx_word' id='word_1_136' title='bbox 429 1679 700 1750; x_wconf 89' lang='lat' dir='ltr'><strong>honore,</strong></span> <span class='ocrx_word' id='word_1_137' title='bbox 743 1677 942 1741; x_wconf 82' lang='lat' dir='ltr'><strong>statim</strong></span> <span class='ocrx_word' id='word_1_138' title='bbox 972 1679 1038 1741; x_wconf 89' lang='lat' dir='ltr'><strong>in</strong></span> <span class='ocrx_word' id='word_1_139' title='bbox 1062 1679 1429 1763; x_wconf 85' lang='lat' dir='ltr'><strong>provincias</strong></span> <span class='ocrx_word' id='word_1_140' title='bbox 1452 1678 1901 1759; x_wconf 85' lang='lat' dir='ltr'><strong>mitterentur3</strong></span> <span class='ocrx_word' id='word_1_141' title='bbox 1946 1680 2060 1743; x_wconf 85' lang='lat' dir='ltr'><strong>sed</strong></span> <span class='ocrx_word' id='word_1_142' title='bbox 2082 1662 2442 1785; x_wconf 48' lang='lat'><strong>532222323„</strong></span> 
     </span>
     <span class='ocr_line' id='line_1_18' title="bbox 94 1762 2392 1853; baseline -0.001 -29"><span class='ocrx_word' id='word_1_143' title='bbox 94 1762 606 1847; x_wconf 75' lang='lat' dir='ltr'><strong>quinquennium</strong></span> <span class='ocrx_word' id='word_1_144' title='bbox 644 1763 866 1825; x_wconf 82' lang='lat' dir='ltr'><strong>saltem</strong></span> <span class='ocrx_word' id='word_1_145' title='bbox 908 1762 1458 1845; x_wconf 78' lang='lat' dir='ltr'><strong>interponeretur.</strong></span> <span class='ocrx_word' id='word_1_146' title='bbox 1842 1819 1847 1828; x_wconf 21' lang='lat' dir='ltr'>x</span> <span class='ocrx_word' id='word_1_147' title='bbox 1886 1787 1897 1815; x_wconf 78' lang='grc' dir='ltr'><strong><em>ι</em></strong></span> <span class='ocrx_word' id='word_1_148' title='bbox 2079 1797 2392 1853; x_wconf 53' lang='lat' dir='ltr'><strong>minumus,</strong></span> 
     </span>
    </p>

    <p class='ocr_par' dir='ltr' id='par_1_4' title="bbox 91 1863 2396 2609">
     <span class='ocr_line' id='line_1_19' title="bbox 226 1863 2396 1952; baseline 0.001 -23"><span class='ocrx_word' id='word_1_149' title='bbox 226 1870 451 1931; x_wconf 82' lang='lat' dir='ltr'>XCIX.</span> <span class='ocrx_word' id='word_1_150' title='bbox 495 1871 582 1931; x_wconf 91' lang='lat' dir='ltr'><strong>Et</strong></span> <span class='ocrx_word' id='word_1_151' title='bbox 614 1868 802 1930; x_wconf 86' lang='lat' dir='ltr'><strong>initio</strong></span> <span class='ocrx_word' id='word_1_152' title='bbox 851 1865 1144 1951; x_wconf 88' lang='lat' dir='ltr'><strong>quidem,</strong></span> <span class='ocrx_word' id='word_1_153' title='bbox 1190 1888 1566 1952; x_wconf 87' lang='lat' dir='ltr'><strong>quamquam</strong></span> <span class='ocrx_word' id='word_1_154' title='bbox 1604 1867 1825 1952; x_wconf 79' lang='lat' dir='ltr'><strong>plures</strong></span> <span class='ocrx_word' id='word_1_155' title='bbox 1863 1869 2067 1932; x_wconf 83' lang='lat' dir='ltr'><strong>essent</strong></span> <span class='ocrx_word' id='word_1_156' title='bbox 2390 1863 2396 1876; x_wconf 54' lang='lat'>²</span> 
     </span>
     <span class='ocr_line' id='line_1_20' title="bbox 94 1949 2069 2038; baseline 0 -26"><span class='ocrx_word' id='word_1_157' title='bbox 94 1951 501 2035; x_wconf 79' lang='lat' dir='ltr'><strong>provinciis,</strong></span> <span class='ocrx_word' id='word_1_158' title='bbox 557 1964 771 2014; x_wconf 89' lang='lat' dir='ltr'><strong>tamen</strong></span> <span class='ocrx_word' id='word_1_159' title='bbox 811 1970 1038 2012; x_wconf 87' lang='lat' dir='ltr'><strong>omnes</strong></span> <span class='ocrx_word' id='word_1_160' title='bbox 1071 1950 1153 2010; x_wconf 88' lang='lat' dir='ltr'><strong>ad</strong></span> <span class='ocrx_word' id='word_1_161' title='bbox 1208 1949 1608 2038; x_wconf 68' lang='lat' dir='ltr'><strong>sortiendum</strong></span> <span class='ocrx_word' id='word_1_162' title='bbox 1645 1949 2069 2012; x_wconf 87' lang='lat' dir='ltr'><strong>admitteban-</strong></span> 
     </span>
     <span class='ocr_line' id='line_1_21' title="bbox 91 2031 2066 2116; baseline -0.002 -18"><span class='ocrx_word' id='word_1_163' title='bbox 91 2047 245 2098; x_wconf 81' lang='lat' dir='ltr'><strong>tur:</strong></span> <span class='ocrx_word' id='word_1_164' title='bbox 291 2032 538 2115; x_wconf 83' lang='lat' dir='ltr'><strong>postea,</strong></span> <span class='ocrx_word' id='word_1_165' title='bbox 581 2046 853 2116; x_wconf 82' lang='lat' dir='ltr'><strong>propter</strong></span> <span class='ocrx_word' id='word_1_166' title='bbox 888 2031 1304 2115; x_wconf 85' lang='lat' dir='ltr'><strong>quorumdam</strong></span> <span class='ocrx_word' id='word_1_167' title='bbox 1343 2033 1611 2106; x_wconf 85' lang='lat' dir='ltr'><strong>delicta,</strong></span> <span class='ocrx_word' id='word_1_168' title='bbox 1657 2033 1894 2095; x_wconf 85' lang='lat' dir='ltr'><strong>Caesar</strong></span> <span class='ocrx_word' id='word_1_169' title='bbox 1926 2054 2066 2096; x_wconf 89' lang='lat' dir='ltr'><strong>eam</strong></span> 
     </span>
     <span class='ocr_line' id='line_1_22' title="bbox 98 2113 2066 2199; baseline 0.001 -24"><span class='ocrx_word' id='word_1_170' title='bbox 98 2135 364 2198; x_wconf 80' lang='lat' dir='ltr'><strong>quoque</strong></span> <span class='ocrx_word' id='word_1_171' title='bbox 402 2134 537 2175; x_wconf 88' lang='lat' dir='ltr'><strong>rem</strong></span> <span class='ocrx_word' id='word_1_172' title='bbox 580 2135 732 2176; x_wconf 81' lang='lat' dir='ltr'><strong>suae</strong></span> <span class='ocrx_word' id='word_1_173' title='bbox 763 2113 1092 2199; x_wconf 82' lang='lat' dir='ltr'><strong>potestatis</strong></span> <span class='ocrx_word' id='word_1_174' title='bbox 1136 2113 1295 2177; x_wconf 83' lang='lat' dir='ltr'><strong>fecit</strong></span> <span class='ocrx_word' id='word_1_175' title='bbox 1330 2113 1663 2188; x_wconf 86' lang='lat' dir='ltr'><strong>hactenus,</strong></span> <span class='ocrx_word' id='word_1_176' title='bbox 1705 2129 1775 2176; x_wconf 88' lang='lat' dir='ltr'><strong>ut</strong></span> <span class='ocrx_word' id='word_1_177' title='bbox 1812 2135 1891 2178; x_wconf 86' lang='lat' dir='ltr'><strong>ex</strong></span> <span class='ocrx_word' id='word_1_178' title='bbox 1927 2137 2066 2177; x_wconf 89' lang='lat' dir='ltr'><strong>om-</strong></span> 
     </span>
     <span class='ocr_line' id='line_1_23' title="bbox 97 2196 2066 2281; baseline 0.001 -25"><span class='ocrx_word' id='word_1_179' title='bbox 97 2197 174 2257; x_wconf 83' lang='lat' dir='ltr'><strong>ni</strong></span> <span class='ocrx_word' id='word_1_180' title='bbox 222 2216 493 2258; x_wconf 83' lang='lat' dir='ltr'><strong>numero</strong></span> <span class='ocrx_word' id='word_1_181' title='bbox 530 2196 800 2258; x_wconf 84' lang='lat' dir='ltr'><strong>totidem</strong></span> <span class='ocrx_word' id='word_1_182' title='bbox 833 2197 1166 2269; x_wconf 87' lang='lat' dir='ltr'><strong>eximeret,</strong></span> <span class='ocrx_word' id='word_1_183' title='bbox 1211 2210 1370 2281; x_wconf 87' lang='lat' dir='ltr'><strong>quot</strong></span> <span class='ocrx_word' id='word_1_184' title='bbox 1412 2196 1887 2278; x_wconf 87' lang='lat' dir='ltr'><strong>provinciarum</strong></span> <span class='ocrx_word' id='word_1_185' title='bbox 1923 2219 2066 2258; x_wconf 83' lang='lat' dir='ltr'><strong>sor-</strong></span> 
     </span>
     <span class='ocr_line' id='line_1_24' title="bbox 100 2276 2066 2362; baseline 0.002 -23"><span class='ocrx_word' id='word_1_186' title='bbox 100 2292 208 2340; x_wconf 86' lang='lat' dir='ltr'><strong>tes</strong></span> <span class='ocrx_word' id='word_1_187' title='bbox 252 2291 456 2350; x_wconf 87' lang='lat' dir='ltr'><strong>erant,</strong></span> <span class='ocrx_word' id='word_1_188' title='bbox 500 2298 747 2362; x_wconf 87' lang='lat' dir='ltr'><strong>eosque</strong></span> <span class='ocrx_word' id='word_1_189' title='bbox 785 2279 1010 2341; x_wconf 86' lang='lat' dir='ltr'><strong>sortiri</strong></span> <span class='ocrx_word' id='word_1_190' title='bbox 1047 2278 1223 2342; x_wconf 81' lang='lat' dir='ltr'><strong>solos</strong></span> <span class='ocrx_word' id='word_1_191' title='bbox 1256 2278 1532 2359; x_wconf 81' lang='lat' dir='ltr'><strong>juberet.</strong></span> <span class='ocrx_word' id='word_1_192' title='bbox 1602 2276 1827 2340; x_wconf 83' lang='lat' dir='ltr'><strong>Postea</strong></span> <span class='ocrx_word' id='word_1_193' title='bbox 1859 2294 1924 2341; x_wconf 87' lang='lat' dir='ltr'><strong>et</strong></span> <span class='ocrx_word' id='word_1_194' title='bbox 1954 2278 2066 2343; x_wconf 86' lang='lat' dir='ltr'><strong>hic</strong></span> 
     </span>
     <span class='ocr_line' id='line_1_25' title="bbox 96 2357 2066 2457; baseline 0.002 -37"><span class='ocrx_word' id='word_1_195' title='bbox 96 2380 243 2438; x_wconf 87' lang='lat' dir='ltr'><strong>mos</strong></span> <span class='ocrx_word' id='word_1_196' title='bbox 281 2360 570 2434; x_wconf 82' lang='lat' dir='ltr'><strong>inolevit,</strong></span> <span class='ocrx_word' id='word_1_197' title='bbox 616 2373 687 2422; x_wconf 88' lang='lat' dir='ltr'><strong>ut</strong></span> <span class='ocrx_word' id='word_1_198' title='bbox 720 2357 1038 2439; x_wconf 83' lang='lat' dir='ltr'><strong>ejusmodi</strong></span> <span class='ocrx_word' id='word_1_199' title='bbox 1070 2359 1440 2457; x_wconf 73' lang='lat' dir='ltr'><strong>provincias</strong></span> <span class='ocrx_word' id='word_1_200' title='bbox 1487 2361 1742 2432; x_wconf 84' lang='lat' dir='ltr'><strong>Caesar,</strong></span> <span class='ocrx_word' id='word_1_201' title='bbox 1786 2362 1892 2422; x_wconf 90' lang='lat' dir='ltr'><strong>cui</strong></span> <span class='ocrx_word' id='word_1_202' title='bbox 1928 2362 2066 2423; x_wconf 82' lang='lat' dir='ltr'><strong>vel·</strong></span> 
     </span>
     <span class='ocr_line' id='line_1_26' title="bbox 92 2441 2071 2526; baseline 0.001 -24"><span class='ocrx_word' id='word_1_203' title='bbox 92 2442 215 2513; x_wconf 92' lang='lat' dir='ltr'><strong>let,</strong></span> <span class='ocrx_word' id='word_1_204' title='bbox 248 2441 452 2515; x_wconf 85' lang='lat' dir='ltr'><strong>daret,</strong></span> <span class='ocrx_word' id='word_1_205' title='bbox 498 2456 565 2505; x_wconf 87' lang='lat' dir='ltr'><strong>et</strong></span> <span class='ocrx_word' id='word_1_206' title='bbox 593 2462 780 2526; x_wconf 82' lang='lat' dir='ltr'><strong>quam</strong></span> <span class='ocrx_word' id='word_1_207' title='bbox 808 2441 1004 2505; x_wconf 75' lang='lat' dir='ltr'><strong>vellet</strong></span> <span class='ocrx_word' id='word_1_208' title='bbox 1032 2442 1166 2504; x_wconf 77' lang='lat' dir='ltr'><strong>diu.</strong></span> <span class='ocrx_word' id='word_1_209' title='bbox 1204 2444 1365 2526; x_wconf 79' lang='lat' dir='ltr'><strong>‚quin</strong></span> <span class='ocrx_word' id='word_1_210' title='bbox 1394 2454 1461 2504; x_wconf 89' lang='lat' dir='ltr'><strong>et</strong></span> <span class='ocrx_word' id='word_1_211' title='bbox 1487 2441 1810 2525; x_wconf 87' lang='lat' dir='ltr'><strong>equitibus</strong></span> <span class='ocrx_word' id='word_1_212' title='bbox 1831 2445 2071 2505; x_wconf 86' lang='lat' dir='ltr'><strong>Roma·</strong></span> 
     </span>
     <span class='ocr_line' id='line_1_27' title="bbox 91 2523 2063 2609; baseline 0.002 -26"><span class='ocrx_word' id='word_1_213' title='bbox 91 2524 203 2584; x_wconf 85' lang='lat' dir='ltr'><strong>nis</strong></span> <span class='ocrx_word' id='word_1_214' title='bbox 235 2524 646 2607; x_wconf 86' lang='lat' dir='ltr'><strong>quarumdam</strong></span> <span class='ocrx_word' id='word_1_215' title='bbox 670 2524 958 2607; x_wconf 82' lang='lat' dir='ltr'><strong>gentium</strong></span> <span class='ocrx_word' id='word_1_216' title='bbox 994 2524 1340 2609; x_wconf 88' lang='lat' dir='ltr'><strong>aliquando</strong></span> <span class='ocrx_word' id='word_1_217' title='bbox 1369 2523 1688 2586; x_wconf 82' lang='lat' dir='ltr'><strong>commiss’a</strong></span> <span class='ocrx_word' id='word_1_218' title='bbox 1726 2526 2063 2589; x_wconf 83' lang='lat' dir='ltr'><strong>cura·fuit.</strong></span> 
     </span>
    </p>

    <p class='ocr_par' dir='ltr' id='par_1_5' title="bbox 92 2603 2067 2688">
     <span class='ocr_line' id='line_1_28' title="bbox 92 2603 2067 2688; baseline 0.002 -23"><span class='ocrx_word' id='word_1_219' title='bbox 92 2606 287 2666; x_wconf 86' lang='lat' dir='ltr'><strong>Haec</strong></span> <span class='ocrx_word' id='word_1_220' title='bbox 314 2606 518 2688; x_wconf 50' lang='lat' dir='ltr'><strong>igitur«</strong></span> <span class='ocrx_word' id='word_1_221' title='bbox 542 2620 674 2668; x_wconf 86' lang='lat' dir='ltr'><strong>tum</strong></span> <span class='ocrx_word' id='word_1_222' title='bbox 712 2621 860 2668; x_wconf 88' lang='lat' dir='ltr'><strong>sunt</strong></span> <span class='ocrx_word' id='word_1_223' title='bbox 885 2605 1218 2669; x_wconf 84' lang='lat' dir='ltr'><strong>constituta</strong></span> <span class='ocrx_word' id='word_1_224' title='bbox 1260 2607 1435 2670; x_wconf 88' lang='lat' dir='ltr'><strong>circa</strong></span> <span class='ocrx_word' id='word_1_225' title='bbox 1477 2603 1764 2668; x_wconf 82' lang='lat' dir='ltr'><strong>officium</strong></span> <span class='ocrx_word' id='word_1_226' title='bbox 1810 2622 2067 2670; x_wconf 81' lang='lat' dir='ltr'><strong>senato-</strong></span> 
     </span>
    </p>

    <p class='ocr_par' dir='ltr' id='par_1_6' title="bbox 95 2687 2067 2772">
     <span class='ocr_line' id='line_1_29' title="bbox 95 2687 2067 2772; baseline 0.002 -24"><span class='ocrx_word' id='word_1_227' title='bbox 95 2705 267 2758; x_wconf 82' lang='lat' dir='ltr'><strong>rum,</strong></span> <span class='ocrx_word' id='word_1_228' title='bbox 301 2687 532 2769; x_wconf 87' lang='lat' dir='ltr'><strong>quibus</strong></span> <span class='ocrx_word' id='word_1_229' title='bbox 555 2687 619 2750; x_wconf 88' lang='lat' dir='ltr'><strong>in</strong></span> <span class='ocrx_word' id='word_1_230' title='bbox 644 2690 1080 2772; x_wconf 77' lang='lat' dir='ltr'><strong>provinciales</strong></span> <span class='ocrx_word' id='word_1_231' title='bbox 1110 2687 1399 2772; x_wconf 85' lang='lat' dir='ltr'><strong>capitalis</strong></span> <span class='ocrx_word' id='word_1_232' title='bbox 1427 2707 1676 2772; x_wconf 82' lang='lat' dir='ltr'><strong>poenae</strong></span> <span class='ocrx_word' id='word_1_233' title='bbox 1699 2687 1970 2772; x_wconf 79' lang='lat' dir='ltr'><strong>potessas</strong></span> <span class='ocrx_word' id='word_1_234' title='bbox 1997 2710 2067 2751; x_wconf 85' lang='lat' dir='ltr'><strong>e-</strong></span> 
     </span>
    </p>

    <p class='ocr_par' dir='ltr' id='par_1_7' title="bbox 98 2769 2065 2855">
     <span class='ocr_line' id='line_1_30' title="bbox 98 2769 2065 2855; baseline 0.002 -27"><span class='ocrx_word' id='word_1_235' title='bbox 98 2782 221 2829; x_wconf 85' lang='lat' dir='ltr'><strong>rat.</strong></span> <span class='ocrx_word' id='word_1_236' title='bbox 267 2769 685 2834; x_wconf 70' lang='lat' dir='ltr'><strong>mittebantur</strong></span> <span class='ocrx_word' id='word_1_237' title='bbox 707 2771 875 2832; x_wconf 89' lang='lat' dir='ltr'><strong>enim</strong></span> <span class='ocrx_word' id='word_1_238' title='bbox 898 2786 963 2834; x_wconf 90' lang='lat' dir='ltr'><strong>et</strong></span> <span class='ocrx_word' id='word_1_239' title='bbox 986 2770 1097 2833; x_wconf 82' lang='lat' dir='ltr'><strong>alii‘</strong></span> <span class='ocrx_word' id='word_1_240' title='bbox 1118 2769 1184 2830; x_wconf 92' lang='lat' dir='ltr'><strong>in</strong></span> <span class='ocrx_word' id='word_1_241' title='bbox 1208 2771 1430 2854; x_wconf 86' lang='lat' dir='ltr'><strong>populi</strong></span> <span class='ocrx_word' id='word_1_242' title='bbox 1453 2769 1708 2854; x_wconf 87' lang='lat' dir='ltr'><strong>quidem</strong></span> <span class='ocrx_word' id='word_1_243' title='bbox 1734 2772 2065 2855; x_wconf 85' lang='lat' dir='ltr'><strong>provinci-</strong></span> 
     </span>
    </p>

    <p class='ocr_par' dir='ltr' id='par_1_8' title="bbox 92 2850 2062 2935">
     <span class='ocr_line' id='line_1_31' title="bbox 92 2850 2062 2935; baseline 0.002 -25"><span class='ocrx_word' id='word_1_244' title='bbox 92 2871 189 2922; x_wconf 87' lang='lat' dir='ltr'><strong>as,</strong></span> <span class='ocrx_word' id='word_1_245' title='bbox 209 2850 442 2934; x_wconf 87' lang='lat' dir='ltr'><strong>quibus</strong></span> <span class='ocrx_word' id='word_1_246' title='bbox 468 2850 537 2913; x_wconf 92' lang='lat' dir='ltr'><strong>id</strong></span> <span class='ocrx_word' id='word_1_247' title='bbox 556 2851 718 2933; x_wconf 89' lang='lat' dir='ltr'><strong>juris</strong></span> <span class='ocrx_word' id='word_1_248' title='bbox 739 2873 867 2915; x_wconf 89' lang='lat' dir='ltr'><strong>non</strong></span> <span class='ocrx_word' id='word_1_249' title='bbox 887 2853 1063 2925; x_wconf 66' lang='lat' dir='ltr'><strong>estet,</strong></span> <span class='ocrx_word' id='word_1_250' title='bbox 1094 2871 1171 2913; x_wconf 84' lang='lat' dir='ltr'><strong>ex</strong></span> <span class='ocrx_word' id='word_1_251' title='bbox 1197 2850 1630 2935; x_wconf 84' lang='lat' dir='ltr'><strong>quaestoribus</strong></span> <span class='ocrx_word' id='word_1_252' title='bbox 1661 2867 1836 2914; x_wconf 82' lang='lat' dir='ltr'><strong>sorte</strong></span> <span class='ocrx_word' id='word_1_253' title='bbox 1864 2852 2062 2929; x_wconf 87' lang='lat' dir='ltr'><strong>ducti,</strong></span> 
     </span>
    </p>

    <p class='ocr_par' dir='ltr' id='par_1_9' title="bbox 93 2933 2063 3100">
     <span class='ocr_line' id='line_1_32' title="bbox 93 2933 2063 3019; baseline 0.002 -27"><span class='ocrx_word' id='word_1_254' title='bbox 93 2945 203 2992; x_wconf 87' lang='lat' dir='ltr'><strong>aut</strong></span> <span class='ocrx_word' id='word_1_255' title='bbox 222 2935 685 3015; x_wconf 79' lang='lat' dir='ltr'><strong>proconsulum</strong></span> <span class='ocrx_word' id='word_1_256' title='bbox 708 2934 925 3019; x_wconf 83' lang='lat' dir='ltr'><strong>legati,</strong></span> <span class='ocrx_word' id='word_1_257' title='bbox 960 2952 1120 3017; x_wconf 88' lang='lat' dir='ltr'><strong>quos</strong></span> <span class='ocrx_word' id='word_1_258' title='bbox 1140 2933 1384 2995; x_wconf 85' lang='lat' dir='ltr'><strong>rectius</strong></span> <span class='ocrx_word' id='word_1_259' title='bbox 1415 2933 1824 2995; x_wconf 76' lang='lat' dir='ltr'><strong>consiliarios</strong></span> <span class='ocrx_word' id='word_1_260' title='bbox 1854 2934 1930 2993; x_wconf 88' lang='lat' dir='ltr'><strong>ab</strong></span> <span class='ocrx_word' id='word_1_261' title='bbox 1960 2956 2063 2995; x_wconf 87' lang='lat' dir='ltr'><strong>ar·</strong></span> 
     </span>
     <span class='ocr_line' id='line_1_33' title="bbox 95 3009 2061 3100; baseline 0.002 -27"><span class='ocrx_word' id='word_1_262' title='bbox 95 3028 407 3096; x_wconf 77' lang='lat' dir='ltr'><strong>gumento</strong></span> <span class='ocrx_word' id='word_1_263' title='bbox 447 3009 809 3078; x_wconf 75' lang='lat' dir='ltr'><strong>vocaveris.</strong></span> <span class='ocrx_word' id='word_1_264' title='bbox 892 3016 1036 3078; x_wconf 86' lang='lat' dir='ltr'><strong>Hos</strong></span> <span class='ocrx_word' id='word_1_265' title='bbox 1073 3027 1280 3077; x_wconf 89' lang='lat' dir='ltr'><strong>autem</strong></span> <span class='ocrx_word' id='word_1_266' title='bbox 1334 3011 1465 3077; x_wconf 86' lang='lat' dir='ltr'><strong>sibi</strong></span> <span class='ocrx_word' id='word_1_267' title='bbox 1498 3013 1771 3100; x_wconf 80' lang='lat' dir='ltr'><strong>quisque</strong></span> <span class='ocrx_word' id='word_1_268' title='bbox 1813 3014 2061 3099; x_wconf 83' lang='lat' dir='ltr'><strong>delige-</strong></span> 
     </span>
    </p>

    <p class='ocr_par' dir='ltr' id='par_1_10' title="bbox 92 3093 2406 3740">
     <span class='ocr_line' id='line_1_34' title="bbox 94 3093 2063 3192; baseline 0.002 -36"><span class='ocrx_word' id='word_1_269' title='bbox 94 3095 229 3162; x_wconf 83' lang='lat' dir='ltr'><strong>bat,</strong></span> <span class='ocrx_word' id='word_1_270' title='bbox 273 3098 585 3192; x_wconf 68' lang='lat' dir='ltr'><strong>praetorii</strong></span> <span class='ocrx_word' id='word_1_271' title='bbox 630 3099 890 3181; x_wconf 87' lang='lat' dir='ltr'><strong>quidem</strong></span> <span class='ocrx_word' id='word_1_272' title='bbox 923 3096 1210 3182; x_wconf 79' lang='lat' dir='ltr'><strong>singulos</strong></span> <span class='ocrx_word' id='word_1_273' title='bbox 1235 3094 1520 3182; x_wconf 82' lang='lat' dir='ltr'><strong>aequalis</strong></span> <span class='ocrx_word' id='word_1_274' title='bbox 1557 3093 1912 3190; x_wconf 75' lang='lat' dir='ltr'><strong>dignitatis,</strong></span> <span class='ocrx_word' id='word_1_275' title='bbox 1956 3112 2063 3160; x_wconf 87' lang='lat' dir='ltr'><strong>aut</strong></span> 
     </span>
     <span class='ocr_line' id='line_1_35' title="bbox 95 3176 2190 3260; baseline 0 -22"><span class='ocrx_word' id='word_1_276' title='bbox 95 3176 442 3241; x_wconf 73' lang='lat' dir='ltr'><strong>inferioris</strong></span> <span class='ocrx_word' id='word_1_277' title='bbox 472 3180 661 3241; x_wconf 86' lang='lat' dir='ltr'><strong>etiam</strong></span> <span class='ocrx_word' id='word_1_278' title='bbox 687 3202 707 3260; x_wconf 82' lang='lat'><em>3</em></span> <span class='ocrx_word' id='word_1_279' title='bbox 750 3180 1122 3242; x_wconf 85' lang='lat' dir='ltr'><strong>consulares</strong></span> <span class='ocrx_word' id='word_1_280' title='bbox 1150 3198 1310 3244; x_wconf 79' lang='lat' dir='ltr'><strong>vero</strong></span> <span class='ocrx_word' id='word_1_281' title='bbox 1340 3192 1562 3239; x_wconf 85' lang='lat' dir='ltr'><strong>ternos</strong></span> <span class='ocrx_word' id='word_1_282' title='bbox 1590 3176 1874 3259; x_wconf 72' lang='lat' dir='ltr'><strong>ejusdem</strong></span> <span class='ocrx_word' id='word_1_283' title='bbox 1903 3179 2058 3253; x_wconf 87' lang='lat' dir='ltr'><strong>loci,</strong></span> <span class='ocrx_word' id='word_1_284' title='bbox 2186 3255 2190 3260; x_wconf 30' lang='grc'>,</span> 
     </span>
     <span class='ocr_line' id='line_1_36' title="bbox 98 3259 2406 3357; baseline 0.001 -38"><span class='ocrx_word' id='word_1_285' title='bbox 98 3271 270 3349; x_wconf 86' lang='lat' dir='ltr'><strong>quos</strong></span> <span class='ocrx_word' id='word_1_286' title='bbox 319 3260 674 3344; x_wconf 87' lang='lat' dir='ltr'><strong>imperator</strong></span> <span class='ocrx_word' id='word_1_287' title='bbox 720 3262 1127 3346; x_wconf 80' lang='lat' dir='ltr'><strong>probaviss&#39;et.</strong></span> <span class='ocrx_word' id='word_1_288' title='bbox 1213 3259 1347 3324; x_wconf 81' lang='lat' dir='ltr'><strong>sed</strong></span> <span class='ocrx_word' id='word_1_289' title='bbox 1381 3273 1447 3323; x_wconf 89' lang='lat' dir='ltr'><strong>et</strong></span> <span class='ocrx_word' id='word_1_290' title='bbox 1481 3263 1545 3319; x_wconf 90' lang='lat' dir='ltr'><strong>in</strong></span> <span class='ocrx_word' id='word_1_291' title='bbox 1580 3259 1873 3325; x_wconf 77' lang='lat' dir='ltr'><strong>Caesaris</strong></span> <span class='ocrx_word' id='word_1_292' title='bbox 1905 3281 2057 3344; x_wconf 84' lang='lat' dir='ltr'><strong>pro·</strong></span> <span class='ocrx_word' id='word_1_293' title='bbox 2117 3287 2406 3357; x_wconf 49' lang='lat' dir='ltr'><strong>hem-13,</strong></span> 
     </span>
     <span class='ocr_line' id='line_1_37' title="bbox 100 3341 2316 3428; baseline 0.001 -26"><span class='ocrx_word' id='word_1_294' title='bbox 100 3341 354 3403; x_wconf 82' lang='lat' dir='ltr'><strong>vincias</strong></span> <span class='ocrx_word' id='word_1_295' title='bbox 377 3386 394 3417; x_wconf 92' lang='lat'>‚</span> <span class='ocrx_word' id='word_1_296' title='bbox 460 3343 529 3404; x_wconf 89' lang='lat' dir='ltr'><strong>in</strong></span> <span class='ocrx_word' id='word_1_297' title='bbox 553 3343 793 3428; x_wconf 87' lang='lat' dir='ltr'><strong>quibus</strong></span> <span class='ocrx_word' id='word_1_298' title='bbox 830 3344 976 3426; x_wconf 83' lang='lat' dir='ltr'><strong>plus</strong></span> <span class='ocrx_word' id='word_1_299' title='bbox 1009 3362 1129 3405; x_wconf 89' lang='lat' dir='ltr'><strong>una</strong></span> <span class='ocrx_word' id='word_1_300' title='bbox 1165 3342 1428 3425; x_wconf 83' lang='lat' dir='ltr'><strong>legione</strong></span> <span class='ocrx_word' id='word_1_301' title='bbox 1473 3341 1661 3414; x_wconf 75' lang='lat' dir='ltr'><strong>ess&#39;et‚</strong></span> <span class='ocrx_word' id='word_1_302' title='bbox 1724 3357 2059 3405; x_wconf 82' lang='lat' dir='ltr'><strong>senatores</strong></span> <span class='ocrx_word' id='word_1_303' title='bbox 2084 3361 2316 3428; x_wconf 57' lang='lat' dir='ltr'><strong>ganum.</strong></span> 
     </span>
     <span class='ocr_line' id='line_1_38' title="bbox 92 3422 2060 3510; baseline 0.002 -26"><span class='ocrx_word' id='word_1_304' title='bbox 92 3424 560 3498; x_wconf 86' lang='lat' dir='ltr'><strong>mittebantur,</strong></span> <span class='ocrx_word' id='word_1_305' title='bbox 606 3445 767 3510; x_wconf 84' lang='lat' dir='ltr'><strong>quos</strong></span> <span class='ocrx_word' id='word_1_306' title='bbox 805 3426 1050 3508; x_wconf 82' lang='lat' dir='ltr'><strong>legatos</strong></span> <span class='ocrx_word' id='word_1_307' title='bbox 1093 3425 1154 3490; x_wconf 89' lang='lat' dir='ltr'><strong>le</strong></span> <span class='ocrx_word' id='word_1_308' title='bbox 1203 3425 1423 3487; x_wconf 88' lang='lat' dir='ltr'><strong>ionum</strong></span> <span class='ocrx_word' id='word_1_309' title='bbox 1470 3422 1892 3507; x_wconf 83' lang='lat' dir='ltr'><strong>adpellabant.</strong></span> <span class='ocrx_word' id='word_1_310' title='bbox 1935 3424 2060 3488; x_wconf 83' lang='lat' dir='ltr'><strong>hos</strong></span> 
     </span>
     <span class='ocr_line' id='line_1_39' title="bbox 97 3505 2062 3593; baseline 0.001 -27"><span class='ocrx_word' id='word_1_311' title='bbox 97 3505 430 3589; x_wconf 82' lang='lat' dir='ltr'><strong>deligebat</strong></span> <span class='ocrx_word' id='word_1_312' title='bbox 463 3507 606 3591; x_wconf 80' lang='lat' dir='ltr'><strong>ipse</strong></span> <span class='ocrx_word' id='word_1_313' title='bbox 639 3528 718 3571; x_wconf 85' lang='lat' dir='ltr'><strong>ex</strong></span> <span class='ocrx_word' id='word_1_314' title='bbox 751 3507 1098 3593; x_wconf 78' lang='lat' dir='ltr'><strong>praetoriis</strong></span> <span class='ocrx_word' id='word_1_315' title='bbox 1118 3530 1160 3590; x_wconf 87' lang='lat' dir='ltr'>p</span> <span class='ocrx_word' id='word_1_316' title='bbox 1188 3524 1531 3591; x_wconf 77' lang='lat' dir='ltr'><strong>erumque=</strong></span> <span class='ocrx_word' id='word_1_317' title='bbox 1589 3524 2062 3590; x_wconf 84' lang='lat' dir='ltr'><strong>nonnumquam</strong></span> 
     </span>
     <span class='ocr_line' id='line_1_40' title="bbox 94 3586 2061 3670; baseline 0.002 -22"><span class='ocrx_word' id='word_1_318' title='bbox 94 3587 496 3670; x_wconf 82' lang='lat' dir='ltr'><strong>quaestorios</strong></span> <span class='ocrx_word' id='word_1_319' title='bbox 525 3591 737 3663; x_wconf 87' lang='lat' dir='ltr'><strong>etiam,</strong></span> <span class='ocrx_word' id='word_1_320' title='bbox 781 3603 889 3654; x_wconf 89' lang='lat' dir='ltr'><strong>aut</strong></span> <span class='ocrx_word' id='word_1_321' title='bbox 919 3589 1044 3651; x_wconf 88' lang='lat' dir='ltr'><strong>alio</strong></span> <span class='ocrx_word' id='word_1_322' title='bbox 1077 3589 1433 3652; x_wconf 87' lang='lat' dir='ltr'><strong>mediorum</strong></span> <span class='ocrx_word' id='word_1_323' title='bbox 1466 3586 1778 3656; x_wconf 83' lang='lat' dir='ltr'><strong>bonorum</strong></span> <span class='ocrx_word' id='word_1_324' title='bbox 1799 3588 2061 3652; x_wconf 72' lang='lat' dir='ltr'><strong>functos</strong></span> 
     </span>
     <span class='ocr_line' id='line_1_41' title="bbox 93 3669 1959 3740; baseline 0 -9"><span class='ocrx_word' id='word_1_325' title='bbox 93 3669 463 3735; x_wconf 83' lang='lat' dir='ltr'><strong>adhibebat.</strong></span> <span class='ocrx_word' id='word_1_326' title='bbox 522 3673 666 3740; x_wconf 76' lang='lat' dir='ltr'><strong>Hae</strong></span> <span class='ocrx_word' id='word_1_327' title='bbox 700 3673 910 3738; x_wconf 78' lang='lat' dir='ltr'><strong>ferme</strong></span> <span class='ocrx_word' id='word_1_328' title='bbox 950 3684 1316 3735; x_wconf 87' lang='lat' dir='ltr'><strong>senatorum</strong></span> <span class='ocrx_word' id='word_1_329' title='bbox 1349 3669 1717 3735; x_wconf 82' lang='lat' dir='ltr'><strong>functiones</strong></span> <span class='ocrx_word' id='word_1_330' title='bbox 1754 3685 1959 3736; x_wconf 80' lang='lat' dir='ltr'><strong>erant.</strong></span> 
     </span>
    </p>
   </div>
   <div class='ocr_carea' id='block_1_4' title="bbox 86 3777 2073 4019">
    <p class='ocr_par' dir='ltr' id='par_1_11' title="bbox 86 3777 2073 4019">
     <span class='ocr_line' id='line_1_42' title="bbox 220 3777 2058 3864; baseline 0 -25"><span class='ocrx_word' id='word_1_331' title='bbox 220 3778 294 3839; x_wconf 85' lang='lat' dir='ltr'><strong>C.</strong></span> <span class='ocrx_word' id='word_1_332' title='bbox 341 3778 429 3841; x_wconf 84' lang='lat' dir='ltr'><strong>At</strong></span> <span class='ocrx_word' id='word_1_333' title='bbox 463 3798 544 3842; x_wconf 84' lang='lat' dir='ltr'><strong>ex</strong></span> <span class='ocrx_word' id='word_1_334' title='bbox 579 3780 968 3864; x_wconf 83' lang='lat' dir='ltr'><strong>Equitibus,</strong></span> <span class='ocrx_word' id='word_1_335' title='bbox 1028 3777 1141 3862; x_wconf 88' lang='lat' dir='ltr'><strong>qui</strong></span> <span class='ocrx_word' id='word_1_336' title='bbox 1186 3798 1410 3840; x_wconf 86' lang='lat' dir='ltr'><strong>eorum</strong></span> <span class='ocrx_word' id='word_1_337' title='bbox 1452 3777 1698 3840; x_wconf 87' lang='lat' dir='ltr'><strong>tribuni</strong></span> <span class='ocrx_word' id='word_1_338' title='bbox 1747 3777 2058 3851; x_wconf 87' lang='lat' dir='ltr'><strong>militum,</strong></span> 
     </span>
     <span class='ocr_line' id='line_1_43' title="bbox 86 3857 2073 3944; baseline 0.001 -23"><span class='ocrx_word' id='word_1_339' title='bbox 86 3872 199 3921; x_wconf 88' lang='lat' dir='ltr'><strong>aut</strong></span> <span class='ocrx_word' id='word_1_340' title='bbox 231 3881 445 3943; x_wconf 86' lang='lat' dir='ltr'><strong>nuper</strong></span> <span class='ocrx_word' id='word_1_341' title='bbox 471 3861 540 3922; x_wconf 90' lang='lat' dir='ltr'><strong>in</strong></span> <span class='ocrx_word' id='word_1_342' title='bbox 576 3876 801 3925; x_wconf 87' lang='lat' dir='ltr'><strong>senatu</strong></span> <span class='ocrx_word' id='word_1_343' title='bbox 826 3862 1106 3933; x_wconf 87' lang='lat' dir='ltr'><strong>fuerant,</strong></span> <span class='ocrx_word' id='word_1_344' title='bbox 1153 3875 1258 3922; x_wconf 87' lang='lat' dir='ltr'><strong>aut</strong></span> <span class='ocrx_word' id='word_1_345' title='bbox 1293 3861 1539 3944; x_wconf 66' lang='lat' dir='ltr'><strong>alioqui</strong></span> <span class='ocrx_word' id='word_1_346' title='bbox 1569 3857 2073 3944; x_wconf 78' lang='lat' dir='ltr'><strong>praestantiores·</strong></span> 
     </span>
     <span class='ocr_line' id='line_1_44' title="bbox 95 3941 2065 4019; baseline 0.001 -16"><span class='ocrx_word' id='word_1_347' title='bbox 95 3942 344 4004; x_wconf 81' lang='lat' dir='ltr'><strong>ceteris</strong></span> <span class='ocrx_word' id='word_1_348' title='bbox 377 3941 798 4019; x_wconf 80' lang='lat' dir='ltr'><strong>habebantur,</strong></span> <span class='ocrx_word' id='word_1_349' title='bbox 842 3944 1187 4010; x_wconf 83' lang='lat' dir='ltr'><strong>nonnullos</strong></span> <span class='ocrx_word' id='word_1_350' title='bbox 1233 3945 1638 4005; x_wconf 81' lang='lat' dir='ltr'><strong>moeniorum</strong></span> <span class='ocrx_word' id='word_1_351' title='bbox 1670 3944 1914 4006; x_wconf 86' lang='lat' dir='ltr'><strong>Romae</strong></span> <span class='ocrx_word' id='word_1_352' title='bbox 1947 3960 2065 4006; x_wconf 81' lang='lat' dir='ltr'><strong>cu-</strong></span> 
     </span>
    </p>
   </div>
   <div class='ocr_carea' id='block_1_5' title="bbox 161 4098 1520 4180">
    <p class='ocr_par' dir='ltr' id='par_1_12' title="bbox 161 4098 1520 4180">
     <span class='ocr_line' id='line_1_45' title="bbox 161 4098 1520 4180; baseline 0.001 -24"><span class='ocrx_word' id='word_1_353' title='bbox 161 4099 321 4175; x_wconf 79' lang='lat' dir='ltr'><strong>Cap.</strong></span> <span class='ocrx_word' id='word_1_354' title='bbox 353 4099 617 4162; x_wconf 82' lang='lat' dir='ltr'>XCVIII.</span> <span class='ocrx_word' id='word_1_355' title='bbox 653 4101 789 4162; x_wconf 74' lang='lat' dir='ltr'><strong>Dio.</strong></span> <span class='ocrx_word' id='word_1_356' title='bbox 830 4101 1347 4180; x_wconf 43' lang='lat' dir='ltr'><strong>Sueten-Aegra&amp;</strong></span> <span class='ocrx_word' id='word_1_357' title='bbox 1372 4098 1520 4158; x_wconf 73' lang='lat' dir='ltr'><strong>nio.</strong></span> 
     </span>
    </p>
   </div>
  </div>
 </body>
</html>
