2675 4642
1158 141 1174 185 Ι

417 265 505 328 m
549 254 845 327 Locum
886 264 1051 339 Lm.
1082 263 1415 329 cxxvm.
1457 242 1684 329 mvn.
1921 262 2043 347 5η)

96 486 221 534 tum
256 474 516 535 Caesari
556 473 839 536 tradidit.
921 476 1143 557 Neque
1180 474 1427 539 dedidit
1462 478 1825 561 reposcenti
1850 479 2044 539 Pom·
2100 470 2171 528 U·
2203 464 2253 527 θ’·
2277 468 2402 599 Ξὲᾶ·

98 555 240 637 pejo
274 557 549 628 Caesar,
608 557 683 618 ab
725 557 869 641 ipso
906 556 1135 616 violata
1171 556 1435 619 foedera
1463 603 1479 631 ‚
1544 560 1831 701 fugitivis
1873 559 2039 620 reei—
2099 540 2261 598 3⁶0·
2350 575 2366 591 ⁰

99 636 393 718 piendis,
453 638 824 700 triremibus
868 634 1308 710 aedificandis,
1370 641 1617 701 retinen
1669 640 1723 700 is
1764 641 1828 700 in
1864 640 2040 701 Italia
2250 649 2257 655 ’

140 718 481 789 masidi-is,
527 737 822 801 arguens.
861 800 874 813 ⁸
904 717 1075 811 Quin
1130 733 1192 779 et
1239 722 1480 804 magnis
1526 721 1877 782 honoribus
1929 720 2041 782 ad-

25 798 26 811 *
124 799 252 860 ecit
287 802 537 861 Menam
563 842 579 871 ,
625 801 1033 882 adseruitque
1064 799 1129 859 in
1162 801 1614 882 ingenuitatem
1637 845 1652 874 ,
1697 816 1759 863 et
1791 802 2038 863 annulis

100 877 305 940 aureis
352 896 642 942 ornatum
682 881 747 940 in
788 878 1135 962 equestrem
1174 881 1462 943 ordinem
1501 883 1785 967 recepit:
1826 901 2071 966 neque.

101 961 264 1020 enim
310 975 444 1022 tum
495 962 698 1023 adhuc
742 961 1028 1043 cuiquam
1081 962 1413 1025 inferioris
1460 963 1586 1024 loci
1637 961 1876 1047 gestare
1926 985 2037 1024 an-

25 1108 26 1111 *
101 1043 308 1103 nulum
369 1064 630 1104 aureum
678 1041 932 1104 licebat.
1044 1043 1292 1104 Coenae
1347 1065 1600 1127 quoque
1655 1065 1803 1105 suae
1860 1030 2036 1105 adhi-

102 1122 268 1184 buit:
333 1145 526 1207 quem
576 1126 885 1185 honorem
927 1123 1124 1196 nulli,
1182 1143 1304 1184 nec
1349 1139 1567 1195 antea,
1627 1146 1749 1187 neo
1788 1122 2033 1208 postea,

103 1204 404 1265 libertino
454 1205 731 1267 habuiss'e
771 1202 1064 1265 traditur.
1161 1205 1282 1265 His
1329 1207 1642 1289 cognitis,
1690 1204 2036 1289 Pompeius

101 1284 656 1373 menecratem,·et
691 1288 899 1373 ipsum
936 1285 1230 1346 libertum
1271 1306 1472 1356 suurn,
1517 1287 1593 1348 ad
1628 1285 2038 1349 infestandam

101 1364 307 1429 Italiae
352 1387 529 1429 oram
572 1368 787 1436 misit,
830 1388 864 1427 a
899 1387 1027 1451 quo
1056 1366 1438 1430 Vulturnum
1474 1384 1542 1430 et
1578 1368 1696 1431 alia
1731 1368 2036 1453 quaedam

47 1466 61 1487 ⁸
104 1449 470 1532 Campaniae
509 1450 651 1511 loca
694 1445 914 1512 vastata
953 1461 1119 1509 sunt.

212 1570 316 1635 lx.
364 1568 615 1639 idcirco
647 1571 917 1644 Caesar,
963 1570 1139 1634 velut
1173 1570 1583 1634 necess'arium
1623 1570 1859 1632 bellum
1893 1593 2032 1634 sus·
2090 1573 2379 1640 Antonius,

103 1660 396 1734 cepturus
420 1695 437 1723 ‚
480 1651 720 1714 tabulas
747 1654 904 1712 Pom
957 1652 1120 1732 ejani
1158 1652 1447 1729 foederis
1485 1654 1732 1736 recepit
1766 1646 2431 1723 aVessa-,adfflm‘fflh

105 1732 295 1805 libus,
357 1754 435 1795 ex
479 1732 700 1795 Africa
741 1735 832 1796 Le
884 1676 1085 1806 idum,
1150 1734 1227 1795 ab
1264 1733 1535 1795 Athenis
1572 1734 1912 1797 Antonium
1958 1734 2035 1795 ad
2059 1712 2401 1785 sareBruth-

106 1814 614 1875 communicanda
658 1758 928 1876 consilia
967 1816 1168 1877 ciens.
1264 1813 1392 1876 Sed
1425 1814 1707 1898 Lepidus
1745 1815 1821 1874 ad
1857 1815 2035 1891 traji-
2059 1783 2189 1834 ’ω’
2217 1781 2376 1834 ''⁸¹⁸³‘’

106 1894 386 1955 ciendum
426 1895 550 1957 fuit
590 1896 868 1978 segnior.
965 1896 1286 1961 Antonius
1337 1916 1490 1959 vere
1541 1895 1748 1979 primo
1798 1896 2035 1956 cultum

109 1976 495 2059 animumque
545 1974 956 2060 Imperatoris
1009 1989 1485 2060 resumpserat3
1550 1997 1870 2060 navesque
1920 1976 2034 2038 de-

109 2056 240 2118 duci
269 2057 528 2137 juss'erat
559 2058 636 2118 ad
660 2057 1025 2120 Parthicum
1057 2057 1317 2119 bellum.
1397 2061 1495 2123 Eo
1527 2057 1802 2119 eelerius
1824 2060 2035 2117 Brun-

107 2138 321 2199 disium
369 2140 566 2200 venit.
674 2138 840 2212 Sed,
907 2138 1019 2201 ubi
1066 2136 1279 2200 statum
1329 2138 1408 2199 ad
1452 2138 1617 2201 diem
1660 2159 1788 2200 uon
1828 2137 2035 2201 adfuit

110 2220 361 2293 Caesar,
421 2221 566 2303 qui,
610 2233 740 2283 tum
781 2222 850 2280 in
887 2222 1179 2282 Etruscis
1220 2241 1453 2305 agens,
1498 2222 1795 2282 Ravenna
1837 2238 2031 2281 naves
2126 2244 2137 2249 ’

105 2299 307 2383 longas
333 2344 350 2373 ‚
395 2321 473 2362 ex
504 2301 706 2363 Gallia
747 2303 963 2385 copias
1004 2322 1144 2363 cum
1185 2300 1485 2385 adparatu
1515 2296 1925 2363 Brundisium
1965 2313 2035 2362 et

105 2383 396 2443 Puteolos
442 2383 764 2457 mittebat,
827 2382 1017 2444 utrim
1070 2405 1148 2446 ue
1197 2382 1531 2445 invasurus
1588 2381 1906 2451 Siciliam,
1970 2381 2026 2441 si

107 2461 257 2523 idem
286 2464 570 2524 Antonio
613 2463 938 2526 videretur
954 2484 973 2541 3
1020 2464 1168 2537 ile,
1214 2465 1351 2529 sive
1397 2462 1830 2546 magnitudine
1871 2464 2027 2525 Cae·
2089 2458 2192 2516 Sed
2214 2476 2345 2544 Μ’,

106 2543 324 2604 sariani
377 2543 452 2603 ad
503 2559 709 2606 aratus
763 2559 1155 2617 commotus,
1222 2545 1398 2622 (nam
1451 2544 1518 2604 in
1567 2544 1872 2605 societate
1912 2563 2027 2626 po·
2053 2524 2392 2599 '‘Rr‘ffissd·

108 2626 328 2686 tentiae
387 2645 467 2686 co
496 2626 775 2708 legat-uin
826 2634 984 2709 opes
1037 2626 1249 2708 aegris
1306 2626 1509 2687 oculis
1562 2624 2027 2707 adspiciuntur)
2053 2601 2167 2721 1:⁸3:
2207 2598 2359 2663 ‘'st'‘

110 2706 229 2767 sive
265 2705 570 2788 prodigio
601 2708 897 2777 territus,
939 2707 1007 2767 in
1031 2707 1367 2768 Graeciam
1405 2706 1619 2768 rediit.
1665 2707 1901 2790 quippe
1932 2707 2030 2765 fe·
2163 2701 2179 2719 ⁶

109 2808 200 2848 rae
229 2787 520 2860 militem,
569 2789 737 2849 circa
770 2786 1240 2849 tabernaculum
1273 2789 1410 2867 ejus
1440 2785 1872 2858 excubantem,
1918 2787 2032 2848 de-

109 2883 492 2941 voraverant,
540 2870 672 2930 sola
706 2868 871 2930 facie
906 2869 1088 2950 quasi
1124 2869 1188 2928 in
1223 2868 1344 2931 boe
1377 2869 1623 2939 relicta,
1666 2879 1734 2929 ut
1769 2866 2030 2951 agnosci

2158 2848 2185 2865 l

75 2951 342 3032 ‘p‘oss'et3
396 2950 787 3033 augebatque
830 2950 1253 3031 religionem,
1314 2948 1484 3032 quod
1534 2968 1742 3030 neque
1792 2951 2032 3008 clamor

111 3030 341 3093 auditus
366 3028 1146 3115 effetpereuntis,1neque
1175 3044 1534 3092 ceterorum
1565 3028 1823 3112 vigilum
1850 3029 2028 3112 quis-

113 3132 276 3193 quam
312 3112 653 3197 quidquam
680 3112 992 3175 sensiss'et.
1077 3111 1206 3174 Sed
1229 3111 1604 3173 Brundisini
1682 3109 1887 3169 uidam
1920 3129 2026 3169 re-

112 3193 411 3266 tulerunt,
474 3195 590 3255 sub
632 3194 942 3256 orientem
984 3192 1151 3255 diem
1188 3212 1220 3254 a
1259 3214 1329 3255 se
1367 3193 1572 3254 visum
1608 3210 1644 3251 e
1698 3206 1733 3251 e
1769 3191 2019 3272 lupum,

35 3300 36 3345 3
110 3291 281 3335 cursu
318 3295 390 3337 se
419 3275 886 3359 proripientem
921 3295 1002 3336 ex
1033 3275 1348 3337 tentoriis.
1398 3318 1405 3325 κ

212 3399 291 3460 X.
333 3401 478 3480 Ipse
501 3442 517 3471 ‚
562 3394 821 3480 scriptis
851 3380 930 3458 ad
957 3396 1290 3461 Caesarem
1319 3395 1560 3465 literis,
1602 3388 2021 3455 festinandum

118 3477 224 3541 sibi
256 3477 523 3542 ostendit
555 3479 636 3540 ad
661 3479 1027 3545 Parthicum
1071 3477 1340 3561 bellum:
1398 3490 1746 3557 auctorque
1792 3473 1855 3534 ei
1897 3471 2022 3533 fuit

114 3579 226 3622 non
256 3560 632 3625 discedendi
660 3582 692 3623 a
726 3554 1125 3623 foederibus.
1201 3557 1557 3630 Menodoro
1597 3576 1720 3637 quo
1769 3570 1871 3625 ue,
1916 3553 2041 3613 cui·

115 3638 254 3703 belli
286 3644 545 3704 causs'am
581 3640 954 3727 imputabat,
1001 3639 1369 3719 servitutem
1384 3638 1666 3717 ,min'atus
1698 3656 1732 3697 e
1805 3676 1822 3704 ‚
1865 3647 2020 3694 tam-

118 3741 278 3803 quam
306 3724 586 3809 fugitivo
613 3745 728 3786 suo
748 3767 764 3797 ,
811 3720 982 3809 quod
1017 3722 1313 3789 nimirum
1342 3716 1633 3803 Pompeii
1658 3715 1872 3799 Magni
1903 3715 2021 3776 bo-

118 3820 220 3877 na,
264 3805 327 3866 in
358 3805 588 3909 quibps
617 3819 683 3911 εῖτ
705 3802 1099 3887 Heliodorus
1136 3817 1272 3931 mm,
1301 3801 1548 3875 fuerat,
1604 3811 1809 3882 empta
1850 3817 1885 3871 a
1921 3794 2021 3856 di-

133 4030 140 4039 .
175 3970 498 4063 Cap.,V111.
550 3992 798 4069 §neten-3
823 3991 973 4078 Aug.
1038 4009 1091 4053 a.
1138 3978 1388 4072 Appian'.
1428 3978 1575 4043 'Dim
1624 3985 1867 4066 Sueton.
1903 3982 2022 4064 ‘Ap-

115 4055 254 4125 μω.
287 4060 436 4119 un..-
490 4060 568 4115 ea
619 4058 1004 4117 ‚mnae
1051 4030 2019 4131 n3910.Appian.n10.appm.

117 4124 243 4202 Cap.
274 4129 345 4187 X.
386 4130 527 4189 Dio.
608 4128 807 4205 ppiau.
1324 4134 1330 4143 ”
