2675 4642
585 217 710 285 soo
765 174 1172 295 rnssmsu.
1200 178 2038 278 snrrnmmronuu
2067 204 2582 283 L1n.1,xxxv.

248 432 321 493 U.
357 448 423 496 e.
443 443 567 501 7⁰9·
698 423 1066 499 LXXXIV.
1116 420 1529 505 Ligariorum
1575 418 1847 483 fratrum
1893 434 2043 484 nota
2094 419 2449 484 concordia
2504 433 2580 491 et

256 504 332 584 A.
363 499 550 581 ⁴2,ssss-
584 506 831 587 ,caritas
883 505 1030 566 fuit.
1110 505 1198 565 Hi
1244 518 1441 586 quum
1488 502 1877 585 aliquamdiu
1924 504 2243 567 latuiss'ent
2294 505 2418 566 sub
2464 523 2577 566 ca-

256 571 545 652 L33“'¹“⁸’
599 591 809 660 mino,
866 585 1113 670 proditi
1152 598 1301 648 sunt
1335 607 1372 644 a
1406 585 1658 666 servis,
1703 584 1997 667 alterque
2036 584 2239 646 statim
2281 586 2577 647 occisus.

218 636 550 768 :ff'ssnffizt
597 674 682 733 At
700 666 724 743 ,'
765 669 875 763 qui
916 667 1265 753 eflugeret,
1298 665 1554 749 audito,
1594 665 1857 747 periiss'e
1896 667 2193 740 fratrem,
2243 666 2326 728 de
2365 680 2583 751 ponte

138 804 145 808 .
222 743 370 828 viu’m
405 772 543 827 im.
600 774 671 814 se
706 750 946 833 dejecit
988 751 1058 809 in
1095 737 1424 826 fluvium3‘
1460 748 1699 831 diuque
1737 749 2016 810 luctatus·
2046 769 2188 811 cum
2224 749 2586 834 piscatori-

218 845 312 898 m.
564 836 758 907 ‚hum
817 834 931 933 qus}
979 850 1243 894 servare
1291 843 1607 913 tamquam
1645 828 1818 891 forte
1856 832 2229 914 prolapsum
2275 831 2588 893 niteban-

595 930 737 988 tur,
784 914 1012 992 frustra
1041 912 1200 991 estis,
1247 911 1493 995 inquit:
1550 913 1884 992 proscriptus
1908 910 2069 991 fiam,
2116 933 2308 991 vosque
2337 914 2589 992 perdere

528 1068 535 1077 ι
594 1003 757 1060 citius
780 995 1019 1077 pofficm,
1062 1014 1222 1074 quam
1251 1012 1284 1050 a
1312 995 1462 1052 vobis
1485 992 1725 1073 servari.
1811 991 2025 1076 Quum
2060 1016 2141 1058 ne
2178 994 2272 1056 sic
2350 993 2591 1056 uidem

594 1079 979 1162 fatigaretur
1011 1075 1273 1139 illorum
1305 1073 1702 1147 humanitas,
1754 1075 1995 1137 milites
2020 1084 2046 1150 ,'
2096 1078 2175 1139 ad
2213 1095 2298 1137 ‘cu
2353 1075 2591 1137 odiam.

596 1161 817 1245 pontis
871 1158 1191 1243 adpositi,
1260 1169 1715 1229 accurrerunt,
1784 1173 2222 1245 necaruntque
2273 1157 2591 1242 proscri-

600 1256 802 1326 ptum.

305 1346 565 1403 Aliorum
688 1364 691 1367 ·
723 1346 1045 1411 Lxxxv.
1111 1346 1256 1406 Duo
1292 1365 1556 1429 quoque
1591 1345 1714 1407 alia
1746 1345 2015 1408 fratrum
2053 1343 2231 1428 paria
2269 1343 2598 1408 referun-

220 1418 459 1498 fratrum
479 1435 565 1470 ‘'⁴'’
608 1448 709 1494 tur
753 1429 936 1513 gravi
971 1428 1228 1490 multata
1271 1428 1493 1489 exitio.
1577 1430 1650 1488 In
1690 1447 1939 1489 amnem
1983 1440 2054 1487 s¹e
2094 1427 2350 1510 quidam
2386 1450 2602 1511 prae-

231 1501 500 1547 '‘uam‘’
543 1530 547 1538 ’
605 1508 1019 1597 cipitayeratz
1062 1506 1257 1592 quem'
1290 1508 1630 1592 inquisivit
1672 1529 2007 1587 servorum
2046 1506 2182 1589 ejus
2222 1532 2426 1583 unus,
2471 1532 2600 1575 re-

603 1608 924 1681 pertoque
979 1593 1118 1676 post
1167 1591 1461 1675 quintum
1509 1589 1719 1666 diem,
1783 1590 1934 1675 quia
1976 1589 2257 1652 nondum
2306 1591 2598 1657 confusa

606 1666 818 1739 omnia
860 1674 995 1736 oris
1032 1675 1417 1735 lineamenta
1441 1672 1675 1745 erant,
1734 1686 1926 1756 caput
1969 1673 2240 1754 praemii
2287 1695 2407 1757 spe
2449 1696 2596 1735 am-

604 1758 874 1847 p'utavit.
960 1756 1166 1837 Hujus
1205 1754 1677 1816 fratrem-alius
1716 1775 1943 1817 servus
1991 1753 2057 1814 in
2087 1754 2326 1829 ,latrina
2362 1776 2440 1817 se
2473 1777 2599 1819 oc·

607 1842 949 1901 cultantem
1010 1838 1353 1899 indicavit:
1428 1838 2008 1920 percuss'oresque,
2081 1834 2408 1920 dedignati
2467 1837 2600 1900 de-

609 1922 957 1993 scendere,
998 1917 1187 1981 hastis
1216 1916 1535 1980 confixum
1566 1931 2001 1991 extraxerunt,
2046 1918 2591 2001 occideruntque,

606 2018 679 2065 ut
711 2017 888 2075 erat,
936 2001 1308 2074 sordidum,
1368 2021 1452 2062 ne
1489 2002 1701 2083 capite
1741 2000 2000 2086 quidem
2036 2000 2271 2065 abluto.
2347 2000 2597 2075 Alius,

538 2110 546 2123 ¹
607 2086 875 2147 fratrem
923 2082 1387 2167 comprehendi
1430 2082 1698 2156 videns,
1765 2103 1968 2166 seque
2006 2082 2254 2166 pariter
2290 2082 2604 2166 proscri-

608 2182 786 2252 ptum
817 2168 1160 2249 ignorans,
1205 2166 1348 2238 Me,
1393 2185 1505 2238 me,
1550 2164 1795 2248 inquit,
1835 2184 1994 2246 prtus
2021 2162 2330 2243 interficite.
2417 2167 2604 2227 Tum

611 2252 910 2309 centurio
931 2292 948 2322 ‚
995 2249 1129 2308 Rem
1161 2266 1378 2327 aequam
1412 2247 1664 2326 postulas.
1707 2268 1830 2308 nam
1863 2265 1917 2307 et
1954 2267 2015 2308 tu
2037 2246 2282 2330 scriptus
2317 2268 2375 2309 es
2399 2251 2598 2329 prior.

612 2332 963 2414 ambosque
1002 2328 1341 2393 interfecit
1377 2328 1630 2391 ordine.

286 2510 295 2515 .
324 2463 555 2519 Unum
654 2506 661 2515 .
732 2448 1081 2518 LXXXVI.
1140 2452 1329 2519 Vidit
1362 2466 1429 2517 et
1458 2454 1707 2516 scelera
1737 2451 2082 2539 conjugum
2118 2450 2355 2525 isthaec
2388 2470 2603 2520 aetas.

238 2533 468 2614 1)·νίῗᾷίο
500 2534 559 2585 ¹⁹¹⁸
616 2538 703 2598 Et
733 2535 1118 2619 Septimium
1142 2530 1429 2618 'quidem
1466 2554 1630 2598 uxor
1667 2537 1954 2598 adultera
1992 2552 2113 2619 per
2144 2535 2422 2598 amicum
2464 2540 2609 2601 An-

243 2613 490 2658 mamm·
618 2614 826 2690 tonii',
886 2636 1161 2701 quocum
1205 2615 1478 2699 habebat
1527 2615 1726 2703 stupri
1778 2619 2350 2693 consuetudinem,
2416 2620 2611 2684 refe-

619 2700 892 2762 rendum
948 2697 1198 2762 curavit
1246 2700 1314 2760 in
1364 2700 1885 2787 prescriptorum
1934 2700 2217 2779 tabulas3
2281 2714 2354 2763 et
2396 2702 2488 2764 ad
2538 2724 2610 2767 se

622 2781 1090 2863 refugientem,
1135 2779 1512 2843 diss'imulata
1546 2781 1978 2855 conscientia,
2023 2781 2339 2856 detinuit,
2390 2784 2617 2849 donec

623 2865 1031 2949 percuss'ores
1076 2865 1612 2947 supervenirentt
1680 2863 2036 2949 eademque
2081 2865 2189 2925 die
2236 2867 2618 2932 celebravit

627 2966 771 3008 cum
820 2945 1114 3007 adultero
1161 2947 1438 3030 nuptias.
1543 2946 1883 3028 Salass'um,
1948 2947 1977 3026 (
2040 2946 2170 3008 uod
2220 2948 2617 3012 Curtiorum

629 3040 1127 3112 cognomentum
1163 3025 1285 3106 est)
1326 3028 1452 3108 ‘jam
1489 3028 1775 3113 elapsum
1815 3049 1894 3090 ex
1927 3050 2008 3089 ur
2055 3050 2131 3099 e,
2197 3033 2622 3114 perplexitas

629 3109 891 3173 consilii
925 3108 1154 3171 eodem
1194 3112 1526 3177 revocavit
1543 3119 1575 3186 ,'
1620 3125 1985 3193 sperantem
2028 3110 2278 3174 interea
2319 3116 2619 3196 potuisse

630 3188 1035 3275 tempestates
1076 3213 1184 3253 eas
1215 3191 1546 3256 detonare.
1592 3193 1708 3254 sed
1738 3192 1848 3254 ubi
1877 3193 2056 3254 venit
2087 3192 2168 3254 ad
2195 3193 2401 3257 aedes
2437 3218 2617 3271 suas,

631 3273 926 3338 venditas
962 3271 1188 3335 didicit
1220 3296 1254 3335 a
1280 3276 1594 3355 janitore,
1639 3277 1749 3358 qui
1787 3296 1910 3336 una
1950 3275 2164 3341 fuerat
2196 3277 2620 3357 transditus3

631 3371 733 3430 et,
780 3353 1112 3416 abeodem
1142 3357 1211 3417 in
1242 3359 1469 3419 cellam
1504 3372 1845 3442 receptus,
1891 3378 2156 3420 uxorem
2195 3357 2410 3419 adciri
2443 3360 2622 3439 juss'nt

630 3458 711 3499 ex
755 3437 930 3497 illius
974 3437 1265 3499 aedibus.
1360 3441 1513 3513 Illa,
1572 3454 1829 3502 noctem
1877 3440 2183 3512 cauffata,
2244 3439 2624 3525 spopondit

630 3517 992 3580 adfuturam
1026 3517 1374 3603 postridie3
1420 3522 1784 3606 adfuitque,
1830 3521 1981 3590 sed,
2029 3541 2172 3584 cum
2209 3524 2621 3606 percuss'ori·

631 3602 787 3662 bus.
847 3599 1021 3683 quod
1076 3602 1187 3662 ille
1237 3604 1648 3688 prospiciens
1701 3596 1781 3666 ek
1834 3605 2098 3666 summis
2151 3603 2473 3678 aedibus,
2539 3621 2622 3666 eo

634 3683 808 3745 enim
842 3681 1059 3744 taedio
1101 3704 1318 3745 morae
1366 3687 1684 3761 subierat,
1747 3686 1828 3748 de
1862 3700 2037 3749 tecto
2073 3708 2143 3759 se
2174 3686 2618 3769 praecipitem

634 3765 839 3829 dedit.
924 3764 1228 3841 Fulvius,
1269 3766 1350 3829 ad
1386 3769 1678 3832 mulieris
1717 3767 1913 3831 aedes
1947 3770 2371 3852 confugiens,
2422 3786 2619 3852 quam

633 3853 1055 3935 concubinam
1105 3871 1282 3912 suam
1328 3852 1820 3941 manumiserat,
1878 3866 2275 3936 nuptumque
2321 3846 2619 3912 dotatam

719 4053 865 4122 Cap.
910 4049 1213 4134 Lxgxlv.
1277 4047 1402 4105 Cic.
1453 4060 1567 4117 pro
1613 4045 1808 4127 Ligur:
1862 4061 1919 4102 c.
1961 4004 2049 4102 tt.
2113 4034 2372 4116 Appian-
2465 4036 2618 4112 Gip-

635 4119 941 4181 Lxxxvl.
989 4122 1114 4180 Cic.
1147 4117 1223 4180 ad
1251 4121 1414 4176 Fam.
1444 4125 1498 4187 (ι,
1532 4113 1613 4172 ι8.
1650 4117 1907 4189 Appnan.
