2675 4642
533 206 655 326 430
708 247 1104 349 anmsn.
1125 227 1949 351 SUPPLEMFNTORUM
1971 241 2500 333 Lm..1‚xxx1x.

194 453 265 509 U.
297 470 351 508 c.
377 471 500 527 7¹⁰·
648 461 726 521 11.
771 460 870 519 Eo
894 433 1188 539 {empore
1213 472 1469 516 saevum
1501 473 1688 515 omen
1713 453 1993 516 oblatum
2019 452 2222 514 Cass'io
2244 450 2501 512 ferunt.

192 524 264 579 A·
295 527 361 607 ρ’
397 530 486 592 4²·
526 563 670 604 nam
708 543 880 601 inter
909 537 1292 600 lustrandum
1326 537 1522 598 lictor
1545 536 1876 619 perversis
1902 535 2184 596 fascibus
2205 534 2507 594 lauream

194 593 457 714 ffss'ffssaz‘
527 623 856 706 imposuit.
939 621 1083 683 Alia
1124 639 1381 703 quoque
1423 620 1669 680 circum
1710 619 1819 678 illa
1853 631 2142 698 tempora
2186 628 2339 676 sunt
2379 613 2505 673 ad-

151 678 207 779 ἴ,
236 680 506 803 pkftfn'ss’
526 719 739 769 notata
770 702 963 763 multa
992 701 1312 785 prodigia.
1383 703 1559 762 Puer
1589 700 1656 760 in
1736 716 1836 762 om
1888 722 1941 772 a,
1984 698 2315 763 Victoriae
2352 695 2506 756 cul-

147 813 406 868 pugnam.
523 798 595 849 tu
629 784 1005 854 adornatus,
1048 783 1302 844 ferculo
1338 780 1604 844 decidit.
1746 724 1953 845 eraqes
1986 801 2162 850 aveS,
2209 794 2274 840 et
2299 777 2505 839 cada-

521 869 786 932 veribus
821 865 1000 927 vesci
1042 865 1313 935 solitae,
1375 886 1576 946 supra:
1610 863 1803 926 castra
1845 861 2195 959 gregatim,
2255 874 2327 921 ut
2377 858 2506 919 alii

517 950 747 1011 volunt
789 960 933 1008 eum·
972 946 1305 1008 horrendo
1348 943 1657 1016 stridore,
1718 960 1789 1006 ut
1819 947 2153 1028 Appianus
2193 940 2357 1004 tristi
2400 940 2507 1001 si-

515 1032 759 1102 lentio,
805 1032 1273 1098 consederunt,
1320 1049 1515 1110 quum
1548 1029 1722 1088 inter
1754 1029 2042 1089 ,Iulianos
2082 1025 2291 1085 nullae
2330 1041 2506 1083 eon-

518 1112 948 1195 spice1·entur.
995 1110 1475 1186 examinavero
1506 1130 1690 1190 apum
1726 1110 2031 1172 continue
2070 1121 2219 1168 sunt
2245 1105 2507 1189 depre-

476 1237 478 1239 »
515 1193 716 1255 hensa
751 1192 821 1253 in
843 1188 1031 1253 cami
1061 1189 1310 1253 castris:
1358 1190 1556 1287 idque
1591 1188 1753 1261 adef)
1791 1190 2003 1251 dirum
2036 1187 2343 1250 ostentum
2374 1187 2505 1248 ha-

511 1273 742 1346 bitum,
787 1285 856 1334 ut
892 1272 1254 1356 haruspicis
1292 1285 1561 1355 momtu,
1605 1273 1773 1335 vallo
1808 1273 2090 1351 interius
2123 1270 2340 1355 ducto,
2389 1269 2505 1330 lo-

512 1375 629 1417 cus
673 1354 1239 1429 intercluderetur.
1321 1368 1392 1415 et
1436 1354 1685 1438 pridie,
1749 1375 1935 1437 quam
1976 1366 2321 1437 pugnatum
2362 1348 2498 1427 est,

510 1437 677 1498 duae
702 1479 720 1510 ‚
763 1456 925 1521 quae
962 1436 1270 1519 hactenus
1313 1436 1667 1498 exercitum
1709 1436 2045 1498 comitatae
2082 1436 2396 1508 fuerant,
2423 1456 2504 1495 a-

519 1506 735 1602 quilae
761 1518 1214 1580 avolaverunt:
1260 1518 1687 1614 sequentique
1724 1531 1916 1580 nocte
1952 1530 2274 1600 spectrum
2310 1516 2503 1579 idem

520 1619 591 1661 se
625 1600 860 1662 obtulit
888 1603 1127 1672 Bruto,
1174 1599 1349 1682 quo'd
1390 1598 1721 1679 trajiciens
1760 1621 1838 1663 ex
1870 1596 2334 1663 Asia-viderat.

638 1708 745 1769 111.
792 1704 924 1769 Sed
967 1717 1034 1766 et
1068 1707 1312 1768 Romae
1366 1706 1485 1768 sub
1535 1705 1706 1767 idem
1757 1721 1884 1769 tem
1933 1728 2011 1779 us
2056 1700 2500 1787 adparuerunt

515 1789 749 1869 multa,
814 1801 892 1857 ut,
935 1785 1255 1853 creditum
1310 1782 1437 1860 est,
1550 1791 1840 1872 raesagia
1922 1802 2280 1849 uturorum.
2367 1788 2499 1848 Sol

512 1870 856 1954 aliquando
895 1869 1155 1929 minima
1192 1809 1669 1954 magnitudine,
1716 1868 2190 1953 nonnumquam
2220 1868 2493 1929 maxima

515 1973 586 2014 se
629 1950 936 2023 ostendit,
995 1951 1152 2036 quin
1193 1965 1258 2013 et
1296 1966 1495 2014 noctu
1538 1951 1631 2013 sic
1672 1952 1955 2029 effulsit,
2012 1964 2121 2023 ut,
2168 1963 2487 2032 tamquam

512 2033 618 2095 die
667 2048 848 2106 orto,
912 2032 992 2093 ad
1046 2052 1208 2116 opus
1266 2030 1706 2117 surgeretur(
1761 2030 2112 2096 Monstrum
2160 2031 2486 2103 biforme,

514 2115 693 2193 cujus
718 2112 1092 2192 'anteriores
1126 2130 1646 2199 partespequum,
1689 2115 2080 2200 posteriores
2108 2114 2344 2173 mulum
2375 2133 2493 2175 re-

142 2199 486 2275 Mutaparit.
511 2197 803 2269 ferrent,
850 2198 1020 2259 mula
1055 2198 1335 2279 peperit.
1394 2197 1475 2275 de
1499 2198 1705 2263 coelo
1737 2264 1740 2271 .
1791 2199 2055 2280 leraque
2092 2210 2258 2257 tacta
2296 2208 2490 2269 sunt,

513 2294 580 2341 e‘t
615 2278 788 2340 inter
821 2278 980 2340 haec
1017 2299 1124 2338 ara
1151 2279 1336 2343 Jovis
1360 2279 1673 2346 Victoris.
1748 2300 1895 2343 aces
1939 2281 2004 2340 i'n
2041 2268 2228 2341 coel'o
2267 2276 2490 2343 visaez

513 2360 769 2423 auditus
812 2362 1080 2443 clangor
1124 2361 1453 2447 tubarum,
1533 2375 1600 2425 et
1645 2360 1945 2446 strepitus
1996 2378 2353 2432 armorum,
2417 2373 2515 2439 et¹

500 2444 752 2503 clamor
789 2442 1208 2513 exercituum,
1255 2463 1335 2507 ex
1367 2438 1664 2517 Caesaris
1702 2443 2060 2516 etAntonii
2093 2438 2324 2504 hortis..
2373 2460 2488 2502 ca-

502 2543 657 2603 nem
689 2522 931 2585 aeditui
966 2537 1281 2585 mortuam
1313 2527 1491 2587 canis
1520 2522 1600 2587 ad
1625 2525 1886 2589 Cereris
1920 2526 2226 2611 templum
2258 2521 2485 2596 traxit,

502 2601 854 2688 effoss'aque
888 2604 1165 2688 pedibus
1200 2604 1396 2667 humo
1418 2650 1434 2680 ‚
1475 2621 1791 2692 tamquam
1821 2608 1894 2667 in.
1920 2604 2221 2688 sepulcro
2250 2603 2488 2665 condi-

502 2684 620 2747 dit.
650 2740 655 2752 ,
683 2685 895 2746 infans
945 2706 1086 2747 cum
1137 2685 1323 2748 denis
1356 2689 1438 2760 ‚in
1479 2704 1752 2786 utraque
1788 2710 1977 2751 manu
2023 2682 2244 2771 digitis
2289 2699 2483 2748 natus

437 2781 447 2794 ²
503 2764 613 2827 est.
684 2770 767 2847 ‘Iu
806 2767 1160 2828 Mutinensi
1215 2790 1374 2852 agro
1417 2771 1749 2834 Victoriae
1793 2771 2117 2839 Marianae
2176 2768 2480 2849 signum,

499 2846 841 2910 meridiem
883 2863 1216 2931 spectans,
1264 2871 1376 2913 sua
1419 2867 1647 2936 sponte
1685 2849 2075 2925 conversum
2112 2853 2180 2913 in
2214 2862 2485 2932 septen-

498 2931 781 2990 trionem
819 2929 980 2995 hora
1023 2946 1268 3016 quarta.
1371 2936 1615 2997 Currus
1663 2934 2052 3007 Minervae,
2093 2952 2286 3017 quum
2337 2930 2486 3015 post

499 3010 956 3074 decursionem
991 3013 1278 3096 equitum
1310 3014 1789 3112 in'Capitolium
1821 3015 2269 3087 reduceretur,
2315 3032 2484 3074 con-

497 3091 742 3154 fractus
791 3090 898 3157 est.
996 3094 1210 3179 Quum
1259 3096 1417 3160 haec
1460 3098 1743 3161 victimis
1788 3097 2238 3181 expiarentur,
2301 3095 2481 3157 soles

495 3176 945 3245 trescirciter
986 3175 1147 3239 hora
1187 3180 1386 3243 tertia
1422 3177 1556 3243 diei
1596 3180 1763 3252 visi,
1825 3198 1973 3241 mox
2016 3181 2083 3239 in
2126 3196 2321 3239 unum
2365 3197 2482 3238 or-

499 3254 649 3317 bem
689 3259 1026 3322 contracti.
1108 3260 1395 3335 Latinis,
1490 3282 1639 3321 uum
1679 3277 1744 3323 et
1779 3276 2076 3343 tempore
2115 3260 2363 3332 alieno,
2414 3273 2486 3322 et

498 3360 535 3399 a
561 3338 896 3423 praefecto
924 3339 1136 3413 urbiS,
1180 3339 1359 3421 cujus
1398 3365 1433 3407 a
1511 3361 1727 3403 curam
1766 3363 1840 3405 ea
1873 3363 1981 3403 res
2018 3340 2284 3423 minime
2322 3360 2484 3424 per-

499 3420 783 3493 tinebat,
849 3421 916 3480 in
945 3421 1198 3483 Albano
1242 3436 1459 3487 monte
1500 3422 2010 3498 sacrificaretur,
2074 3445 2154 3485 ex
2199 3421 2480 3485 humero

501 3522 576 3562 ac
608 3500 849 3584 pollice
885 3503 1072 3566 Jovis
1109 3502 1338 3581 dextro
1373 3503 1574 3568 ‘cruor
1606 3505 1905 3566 manavit.
1967 3505 2190 3568 ‘Fluvii
2221 3504 2491 3589 quidam

501 3583 571 3644 in
610 3600 767 3665 agro
802 3586 1092 3663 Romano
1128 3583 1548 3658 defecerunt,
1604 3588 1713 3649 alii
1750 3585 2074 3649 fluxerunt
2115 3589 2182 3648 in
2221 3598 2484 3649 contra-

497 3662 690 3748 rium.
775 3663 1042 3728 Aediles
1078 3665 1291 3750 plebis
1331 3668 1503 3730 ludis
1539 3666 1824 3747 Cereris,
1873 3689 2037 3752 quos
2074 3667 2481 3752 equestribus

375 3750 382 3761 ”
438 3744 453 3763 ‘
498 3745 823 3809 celebrari
856 3746 1155 3813 cursibus
1189 3751 1553 3833 oportebat,
1597 3749 1990 3835 gladiatores
2024 3750 2482 3815 exhibuerunt.

480 4000 489 4004 -
569 3933 649 3988 Ca
699 3972 731 4015 ⁸.
747 3935 823 3988 11.
873 3933 987 3988 Jul.
1018 3935 1177 3991 Obse
1223 3937 1440 4019 ‚31³lut.
1477 3936 1618 4020 Djo.
1656 3936 1913 4060 Aplpian.
1948 3956 2009 4010 p.
2041 3936 2317 3994 668.Ju1.
2351 3937 2476 3994 Ob-

496 4015 623 4072 oeq.
688 4020 795 4093 ⁸xo.
834 4003 1075 4087 Elonss,
1105 4022 1161 4088 ἶ.
1257 4025 1341 4061 10.
1377 4006 1631 4078 Appiau.
1668 4007 1786 4090 Juo.
1816 4008 2034 4078 Obseq.
2076 4008 2213 4063 Dio.
2241 4019 2299 4062 et
2316 4007 2477 4065 Plut.

498 4067 707 4197 {1:213
707 4071 1194 4216 ἃῗῃόἐεῐθῐᾷ.1)ιο,
1241 4074 1359 4187 sut.
1399 4075 1621 4152 Obseq.
1671 4074 1825 4135 Phn.
1856 4093 1917 4148 ι,
1952 4077 2041 4134 31.
2095 4075 2212 4138 Μ,
2241 4076 2471 4152 Gbseq.
