2675 4642
443 217 543 295 36

1144 220 1157 225 ”
1241 218 1793 333 ΕΡΙΤΟΜΕ

445 436 767 503 redacto.
879 392 1265 504 Gaditanis
1330 440 1694 505 civitatem
1751 394 1973 505 de'dit.
2055 439 2608 519 ’Messium-ses,

366 570 375 578 ‘
449 562 735 629 duobus
781 530 1161 633 navaiibus
1196 563 1484 647 proeliis
1522 565 1712 650 victi,
1761 572 1926 650 post
1966 567 2259 655 longam
2302 559 2608 628 obsidio-

442 709 606 756 nem
648 691 992 774 potestati
1027 688 1357 767 Caesaris
1399 709 1474 755 se
1507 692 2007 776 permiserunt.

2114 690 2181 754 C.
2223 687 2601 767 Antonius,

398 823 406 835 “
445 815 728 907 legatas
775 810 1139 897 Caesaris,
1195 815 1394 880 male
1442 824 1696 901 contra
1733 814 2216 900 Pompejanos
2262 815 2331 877 in
2370 809 2607 899 Illyri-

390 1007 403 1017 „
443 962 525 1007 co
575 940 785 1007 rebus
827 907 1087 1028 gestiS,
1151 949 1410 1025 captus
1454 948 1580 1009 est.
1635 994 1644 1005 .
1685 941 1770 1007 In
1811 916 1949 1027 quo
1996 940 2180 1006 bello
2226 935 2606 1025 Opitergini

450 1063 1003 1150 Transpadani,
1071 1062 1408 1132 Caesaris·
1445 1067 1886 1151 auxiliare-5⁸,
1955 1073 2113 1132 rate
2164 1082 2304 1130 sua
2340 1061 2437 1139 ‚ab
2483 1059 2607 1127 ho-

442 1284 618 1341 docto
634 1282 890 1358 primum
907 1288 1156 1361 margini
1173 1286 1488 1364 adscripta,

386 1404 393 1409 ,
440 1374 576 1416 mox
620 1357 679 1410 in
725 1368 1059 1411 contextum
1100 1370 1342 1432 recepta
1379 1373 1486 1415 est.

440 1422 635 1487 lle'rda
656 1426 834 1492 enim,
870 1436 936 1480 ut
956 1438 1180 1493 notum,
1215 1430 1359 1483 urbs
1379 1430 1492 1484 fuit

394 1527 402 1537 ·
440 1493 759 1565 Hispaniae
786 1494 860 1547 ad
877 1495 1116 1551 fluvium
1134 1495 1388 1551 Sicorim
1416 1498 1488 1552 si-

440 1571 522 1614 ta.
577 1561 728 1617 Vide
763 1562 977 1618 Cellar.
1011 1565 1232 1635 Geogr.
1267 1565 1487 1690 ΑηῐᾹίῖ,

441 1698 827 1769 spirationem
854 1701 988 1754 huic
1015 1702 1238 1755 nomini
1258 1723 1316 1759 m
1334 1705 1489 1758 Mstis

439 1764 611 1833 addi,
660 1769 809 1824 testis
844 1772 920 1822 est
949 1771 1148 1826 Celeh.
1176 1775 1383 1828 Burm.
1417 1772 1491 1827 ad

437 1836 656 1889 Lucani
678 1842 732 1904 4,
754 1856 805 1892 2.
847 1837 914 1890 ld
933 1850 1126 1893 tamen
1153 1840 1214 1894 in
1239 1843 1488 1896 nummis

439 1914 501 1958 et
531 1907 922 1960 marmoribus
953 1907 1207 1980 antiquis
1233 1913 1359 1965 sine
1392 1910 1488 1965 ad-

437 1974 763 2044 spiratione
783 1975 987 2044 scribi,
1017 1982 1251 2032 testatur
1268 1981 1487 2035 Cellar.

433 2042 550 2097 loc.
571 2042 727 2097 laud.
760 2045 898 2097 Mox
919 2065 1129 2104 omnes
1144 2049 1492 2105 incolumes

434 2111 561 2165 sine
596 2112 810 2187 copula
840 2114 1011 2170 Leid.

505 2203 840 2271 Gaditanis
893 2208 1214 2264 civitatem
1270 2207 1486 2275 dedit]

434 2273 739 2328 Gaditanis
801 2273 1101 2329 civitatem
1154 2294 1187 2329 a
1236 2278 1488 2333 Caesare

432 2340 629 2396 datam
658 2340 870 2396 deinde
903 2346 1273 2405 confirmavit
1297 2365 1375 2418 po
1423 2366 1488 2399 u-

428 2411 522 2466 lus
538 2411 858 2480 Romanus·
896 2411 1011 2467 Dio
1033 2420 1122 2482 4ι,
1150 2417 1264 2482 ι64.
1305 2419 1357 2469 D
1411 2418 1484 2470 R.

503 2503 944 2561 Massilienses
989 2516 1105 2561 etc.
1153 2508 1305 2562 victi
1348 2518 1489 2581 post

432 2573 694 2646 longam
723 2573 1106 2631 obsidionem
1130 2578 1196 2631 in
1210 2586 1485 2646 potesta·

432 2650 557 2698 tem
596 2644 881 2698 Caesaris
923 2663 987 2698 se
1029 2648 1484 2715 permiserunt]

431 2713 569 2764 Vct.
600 2709 705 2763 lib.
746 2718 1049 2782 potestati
1079 2715 1366 2772 Caesaris
1396 2735 1483 2772 se.

432 2779 582 2834 slG.
622 2779 911 2835 Similiter
937 2781 1111 2835 Leid.2
1129 2785 1275 2837 Voss'.
1303 2787 1483 2858 Berg-

429 2849 576 2919 Lov.
596 2862 646 2902 2.
682 2848 908 2902 Boend.
947 2851 1085 2904 Exc.
1124 2852 1387 2922 Pitheci,
1426 2864 1487 2907 et

432 2914 529 2970 ed.
572 2917 876 2988 Campani.
910 2918 1109 2974 'Infra
1155 2922 1316 2992 Epit.
1356 2939 1482 2994 seq.

436 2984 860 3059 Gmnibusque
897 2987 1300 3046 aduersarum
1338 3010 1484 3064 par·

431 3054 594 3110 tium
613 3091 628 3118 ‚
671 3058 778 3125 qui
806 3076 871 3112 se
899 3061 1206 3130 potestati
1235 3061 1488 3116 victoris

430 3125 886 3247 permiserunt,
946 3126 1177 3182 Caesar
1218 3130 1485 3203 ignovit.

483 3202 747 3246 raeterea
765 3195 1280 3252 Massiliensibus
1309 3198 1490 3254 victis

431 3259 595 3314 Voss'.
641 3263 1082 3319 Massilienses
1130 3266 1279 3321 vicit
1317 3264 1485 3320 Leid.

445 1651 498 1694 1,
525 1631 736 1696 (pm-acl
765 1632 1095 1690 Hilerdam
1126 1638 1305 1719 Berg-

431 3329 579 3385 Lov.
620 3347 672 3384 ω.
738 3330 968 3386 Boend.
1030 3334 1167 3389 Exc.
1221 3334 1482 3399 Pitheci,

429 3398 612 3454 Norv.
650 3409 719 3455 et
743 3399 874 3455 edd.
911 3412 1052 3455 antt.
1089 3418 1202 3472 pro
1236 3419 1355 3473 quo
1387 3401 1482 3462 ed,

430 3464 678 3523 Mediol.
724 3470 862 3521 anni
909 3472 1060 3527 1505.
1127 3481 1289 3523 recte
1340 3472 1489 3527 victi

432 3536 806 3607 emendavit3
845 3537 1007 3612 quod
1040 3535 1099 3591 in
1129 3539 1304 3613 Berg.
1342 3539 1483 3593 iuis-

430 3616 493 3659 οε
532 3605 792 3662 videtur.

500 3692 686 3751 Male
714 3675 1389 3767 eontra-Pompejanos
1420 3694 1488 3749 in

316 3788 329 3801 ν
429 3756 694 3833 Illyrico
710 3761 817 3817 reb
826 3779 899 3833 us
909 3761 1360 3841 gestisstaptus
1373 3770 1490 3824 est]

432 3826 510 3883 Se
563 3826 734 3886 male
790 3838 1014 3887 eontra
1069 3831 1491 3905 Pompejanos

427 3898 743 3972 pugnavit
796 3902 864 3961 in
913 3896 1193 3970 Illyrico.
1267 3909 1491 3975 captus

428 3973 527 4022 est
553 3965 846 4020 invenisse
872 3966 934 4019 in
952 3970 1137 4023 Nerva
1171 3978 1229 4023 et
1258 3962 1487 4023 &1:110-

428 4050 600 4088 mana
633 4034 928 4106 principe,
965 4038 1201 4092 Hearne
1228 4036 1486 4094 testatur.

427 4105 506 4163 Et
534 4102 616 4160 ita
646 4103 955 4193 proximae
985 4107 1165 4163 etiam
1196 4104 1331 4164 edd.
1370 4107 1492 4195 nisi

1562 1284 1724 1364 quod
1765 1298 1830 1347 et
1869 1290 1935 1347 in
1961 1288 2224 1364 Illyrico
2264 1293 2483 1361 captus
2513 1289 2609 1363 est

1553 1361 1774 1446 legant.
1836 1361 2125 1415 Gruterus
2151 1357 2375 1413 ‘deinde
2414 1353 2608 1434 substi-

1557 1434 1674 1485 tuit
1718 1429 1887 1484 male
1936 1438 2153 1484 contra
2195 1428 2605 1500 PompeJanos

1558 1501 1743 1555 rebus
1768 1498 1968 1571 gestis
2001 1501 2069 1552 in
2095 1496 2357 1570 Illyrico
2386 1498 2604 1573 papttts

1558 1577 1670 1624 est.
1708 1566 2068 1630 Gronnvim,
2104 1577 2266 1620 trans
2315 1572 2478 1616 osius
2507 1573 2604 1639 vp-

1559 1635 1892 1701 cabulis‚.in
1909 1634 2173 1707 Illyrico
2194 1654 2259 1690 re
2310 1635 2609 1704 usgest153

1559 1704 1719 1777 quod
1750 1703 2011 1777 probant
2042 1702 2208 1757 Leid.
2241 1702 2397 1757 Voff.
2430 1699 2601 1777 Berg.

1558 1778 1704 1829 Lov.
1735 1793 1788 1829 2.
1824 1769 2054 1826 Boend.
2089 1782 2151 1826 et
2181 1770 2275 1825 ed.
2304 1772 2602 1848 Campans.

1558 1845 1758 1898 Recte.
1829 1839 2118 1897 Antonius
2156 1841 2311 1894 enim
2345 1838 2478 1905 περὶ
2504 1850 2606 1901 την

1550 1911 1862 1979 Ἰλλυρίδα
1892 1906 2126 1977 ἥσσατο
2144 1944 2163 1976 ,
2198 1911 2335 1963 teste
2358 1906 2512 1976 App.
2531 1905 2602 1957 A·

1555 1982 1669 2037 lex.
1691 1998 1743 2033 α.
1772 1982 1842 2034 Β.
1872 1979 2003 2033 civ.
2034 1980 2160 2045 457.
2211 1981 2462 2047 Insuper
2495 1970 2603 2054 ad-

1560 2067 1768 2106 versus
1787 2046 2205 2121 Pompejanos
2239 2046 2411 2100 iidem
2440 2059 2604 2112 qum·

1560 2136 1674 2191 que
1704 2114 1871 2172 codd.
1895 2130 1950 2169 et
1971 2132 2086 2169 una
2106 2115 2313 2169 editio.
2352 2113 2503 2169 Vide
2532 2108 2604 2163 ad

1558 2187 1717 2259 Epit.
1754 2190 1842 2268 57.
1907 2182 2170 2238 Tandem
2224 2182 2472 2239 verbum
2518 2185 2607 2237 est

1559 2277 1627 2313 ex
1673 2265 1840 2327 ungit
1873 2255 2033 2307 Voss'.
2398 2266 2404 2276 ·

1666 2324 1972 2398 pitergini
1994 2320 2447 2395 Transpadani,
2467 2320 2606 2374 Cae-

1558 2397 1723 2452 saris
1757 2391 2150 2457 auxiliares,
2205 2400 2343 2446 rate
2375 2408 2488 2445 sua
2525 2385 2600 2441 ab

1555 2461 1895 2520 hostilibus
1917 2459 2179 2515 navibus
2203 2459 2447 2519 clausa]
2474 2459 2603 2511 Vox

1563 2529 2002 2597 Transpadani
2036 2528 2328 2583 omittitur
2360 2546 2392 2582 a
2421 2528 2600 2579 Norv.

1560 2598 1921 2675 Opitergini
1941 2597 2379 2670 Transpadani
2392 2597 2606 2651 Caesa·

1554 2672 1643 2724 ris
1668 2675 1937 2723 rostrate
1961 2684 2074 2721 suo
2102 2668 2179 2722 ab
2200 2665 2483 2722 hostibus
2498 2680 2602 2717 na-

1555 2737 1731 2793 vibus
1748 2735 1967 2791 clausa
1986 2734 2132 2807 legit
2147 2737 2304 2791 Voff.
2326 2731 2604 2813 host-ibus

1554 2804 1821 2862 navibus
1863 2803 2038 2857 etiam
2071 2807 2209 2858 Exc.
2248 2803 2511 2867 Pithoe1‚
2548 2806 2605 2851 et

1553 2875 1737 2928 Norv.
1776 2872 2053 2928 hostiam
2085 2872 2351 2930 navibus
2378 2866 2600 2924 Boend.

1556 2940 1742 2997 et‘ed.
1779 2943 1987 3012 Camp.
2037 2941 2190 2998 Vide
2226 2939 2301 2994 ad
2331 2940 2485 3012 Epit.
2514 2941 2601 3003 76.

1554 3010 1826 3084 Denique
1861 3011 2041 3067 clusa
2073 3013 2211 3065 Exc.
2244 3007 2490 3063 Pithoei.
2527 3006 2601 3061 V.

1557 3099 1625 3135 su
1669 3097 1738 3133 ra
1768 3080 1876 3132 hac
1898 3079 2056 3153 Epit.

1674 3150 1876 3214 otius3
1914 3167 2102 3221 quam
2134 3149 2202 3205 in
2276 3152 2599 3206 otestatem

1555 3218 1979 3281 inimicorum]
2011 3222 2144 3275 Vct.
2173 3218 2216 3270 li
2266 3256 2280 3272 .
2309 3217 2601 3274 hostium·

1557 3285 1809 3342 SIGON.
1827 3285 2061 3340 Pariter
2073 3285 2235 3342 Leid.
2262 3289 2414 3342 Voss'.
2431 3286 2603 3354 Bcrg.

1553 3355 1700 3408 Lov.
1725 3373 1777 3409 2.
1814 3353 2041 3409 Boend.
2080 3356 2213 3411 Exc.
2249 3352 2507 3414 Pithoei,
2546 3359 2604 3404 et

1556 3420 1646 3477 ed.
1683 3422 1985 3493 Campani.
2038 3421 2192 3479 Vide
2224 3424 2299 3478 ad
2326 3424 2485 3495 Epit.
2516 3437 2602 3484 27.

1554 3494 1643 3558 46.
1666 3510 1756 3563 97.
1790 3500 1848 3544 et
1876 3490 2041 3547 alibi.
2105 3496 2246 3547 Mox
2281 3495 2447 3548 inter
2476 3502 2604 3559 sese

1556 3567 1947 3617 occurrentes
1965 3560 2191 3616 Boend.
2212 3572 2270 3616 et
2286 3557 2380 3616 ed.
2400 3562 2603 3639 Camp-

1557 3636 1944 3687 oceurrentes
1980 3630 2152 3684 etiam
2180 3632 2364 3684 NorV.
2399 3638 2456 3684 et
2483 3644 2605 3700 pri-

1560 3714 1688 3750 mae
1710 3695 1846 3751 edd.
1866 3715 1979 3770 pro
2002 3718 2120 3773 quo
2139 3698 2321 3756 Frob.
2358 3712 2605 3755 concur-

1559 3773 1766 3823 rentes
1790 3767 2123 3823 emendavit
2144 3789 2163 3839 ς
2216 3767 2378 3841 quod
2406 3780 2605 3839 super·

1561 3836 1636 3889 est
1669 3835 1728 3887 in
1746 3835 1911 3890 Leid.
1936 3839 2096 3893 Voss'.
2115 3841 2294 3912 Berg.
2313 3848 2372 3892 et
2387 3836 2528 3890 Lov.
2551 3850 2602 3891 2.

1560 3902 1712 3961 Vide
1746 3903 1820 3957 ad
1850 3907 1935 3972 36,
1971 3914 2058 3973 24,
2087 3913 2145 3976 4.
2543 3936 2546 3939 -

1629 3973 1834 4051 Quum
1876 3973 2172 4034 adversus
2199 3970 2609 4048 Pompejana·

1555 4061 1695 4098 rum
1724 4044 2005 4114 partium
2025 4044 2244 4102 ducem
2276 4048 2604 4105 Varronem

1551 4118 1936 4188 pugnasset]
1969 4116 2105 4173 Vet.
2139 4112 2247 4170 lib.
2297 4133 2434 4172 cum
2464 4128 2605 4185 pro-
