2675 4642
0 3988 7 4239 l

1 4242 4 4271 l

1 4282 4 4299 ι

1 4404 4 4549 ’

521 288 616 352 m
656 261 968 352 'Locum
1007 285 1171 351 Lm.
1219 287 1443 353 cxm.
1488 287 1720 357 mvn.
2016 288 2135 372 ¹59

115 499 233 559 mia
287 496 792 569 exsoluturum,
856 495 1016 557 licet
1057 495 1296 557 nullam
1343 494 1428 557 ob
1467 498 1907 563 necessariam
1943 520 2125 563 caus·
2173 497 2263 557 U·
2293 511 2352 557 'c-
2378 495 2505 570 705·

119 601 238 644 sam
288 600 404 650 se,
470 578 743 661 reliquo
782 577 992 640 adhuc
1026 577 1242 653 bello,
1307 578 1791 650 deserentibus.
1878 583 2009 646 Sed
2060 598 2128 648 et
2186 572 2260 628 Δ·
2288 572 2357 628 C·
2385 577 2477 642 47·

119 683 296 747 agros
337 660 724 722 divisurum
762 678 924 745 pace
955 658 1280 734 restituta',
1325 664 1461 722 Non
1485 662 1728 744 exemplo
1755 663 1942 725 Sullae
1964 708 1980 739 ‚
2026 665 2126 728 in..

128 746 245 830 quit
263 788 282 818 ,
333 745 631 824 ademptos
662 743 814 816 aliis,
862 763 1062 824 vosque
1089 744 1376 823 prioribus
1412 743 1645 803 dominis
1684 745 2026 828 immisi-endo
2055 749 2131 810 ad
2146 753 2156 776 “

124 844 400 910 perpetuas
432 828 756 884 inimicitias
776 867 792 897 ‚
828 825 936 907 fid
954 839 987 899 ,Ἃ
1015 843 1122 907 qua
1158 825 1441 906 publicus,
1485 845 1659 906 quave
1685 847 1833 887 meus
1862 848 1991 911 ager
2019 830 2125 907 est,

127 907 432 992 edft'gnaho,
499 927 591 980 et,
639 910 787 987 quod
827 908 1041 978 deerit,
1100 926 1131 963 a
1166 907 1476 967 volentibus
1512 928 1703 969 emam.
1787 911 1875 972 Et
1918 909 2132 974 adsuit

122 991 292 1053 dictis
325 987 532 1051 fides.
594 990 914 1072 pecuniae
941 1002 1193 1073 partem
1223 991 1767 1073 repraesentavit,
1802 993 2130 1080 reliquum

122 1074 410 1136 daturum
451 1072 624 1132 dixit
656 1073 877 1156 paullo
910 1070 1050 1155 post
1088 1089 1236 1133 cum
1271 1072 1574 1135 foenore.

220 1184 299 1241 L.
348 1180 614 1239 Plausu
647 1177 937 1238 omnium
965 1177 1125 1241 haec
1159 1192 1433 1262 excepta
1462 1201 1656 1264 quum
1681 1175 1964 1256 fument,
2011 1182 2128 1250 de·
2189 1192 2488 1249 Decumum}

116 1263 358 1326 cumani
408 1260 806 1322 moerebant
829 1303 845 1333 ,
909 1261 1038 1322 sibi
1076 1262 1455 1324 nominatim
1495 1266 1731 1324 iratum
1769 1265 2124 1350 imperato·
2150 1277 2490 1342 recavum·

117 1366 243 1407 rem
283 1345 451 1406 effe.
524 1340 1165 1426 neque‘defiiterunt
1206 1344 1566 1406 obtrudere
1606 1366 1908 1428 operam,
1967 1350 2126 1412 licet
2153 1351 2362 1408 4⁸⁰4st
2385 1353 2468 1387 π·

118 1442 532 1489 recusantem
573 1426 643 1485 in
677 1425 970 1487 Africam
1011 1427 1291 1510 sequuti.
1379 1425 1513 1488 Sed
1553 1425 1700 1501 ille,
1745 1430 2127 1514 priusquam
2150 1415 2416 1474 q'm'm‘r·

117 1509 703 1596 proficisceretur,
751 1529 831 1570 ex
869 1509 1047 1568 omni
1082 1528 1355 1569 numero
1395 1508 1654 1591 excepit
1687 1510 2150 1576 seditionibus

116 1592 469 1655 miscendis
502 1590 909 1673 aptiffimos,
953 1612 1119 1675 quos
1157 1592 1224 1651 in
1252 1591 1433 1653 ltalia
1464 1592 1909 1675 relinqueret,
1951 1598 2128 1680 agris

116 1673 303 1737 statim
352 1674 577 1745 datis,
628 1673 801 1735 unde
845 1692 916 1733 se
958 1674 1341 1742 tolerarent.
1431 1675 1739 1735 Ceterum
1774 1688 1840 1737 et
1875 1674 2015 1751 his,
2061 1694 2130 1743 et

121 1756 423 1841 deinceps
486 1755 834 1828 omnibus,
897 1776 1028 1817 non
1080 1754 1429 1817 continuos
1483 1755 1846 1839 adsignavit
1893 1780 2124 1843 agros,

118 1861 187 1902 ne
224 1842 377 1924 quis
417 1838 860 1922 poss'ess'orum
900 1838 1387 1921 expelleretur,
1433 1852 1501 1900 et
1541 1853 1613 1901 ut
1650 1840 1985 1903 distractis
2026 1844 2127 1903 ni-

118 1920 201 1985 hil
247 1927 317 1985 iu
368 1922 615 1983 turbas
662 1921 900 1981 virium
952 1919 1149 1983 foret.
1251 1920 1517 1983 Notavit
1557 1935 1624 1983 et
1666 1941 1747 1983 ex
1784 1922 1910 1997 iis,
1958 1946 2124 2008 quos
2184 1948 2287 2002 m,
2309 1958 2491 2004 mm„

123 2026 317 2068 seeum
373 2003 714 2075 ducebat,
774 2000 1213 2063 foediffimum
1263 2023 1626 2087 quemque,
1689 2024 1857 2101 quos
1907 2005 2124 2090 postea
2153 2019 2500 2071 seditiosissi-

131 2089 422 2149 deductos
469 2088 545 2147 in
579 2085 874 2148 Africam
910 2085 1226 2168 periculis
1267 2085 1544 2164 objecit,
1589 2100 1788 2148 utrun
1838 2108 1920 2151 ue
1949 2108 2124 2150 com·
2154 2104 2503 2168 mum-qum.

138 2171 410 2253 pendium
475 2183 793 2252 captanS,
854 2167 1239 2230 occiderent
1293 2166 1431 2240 illi,
1503 2189 1584 2230 an
1639 2169 1785 2231 occi
1834 2184 2123 2233 crentur.
2147 2173 2235 2223 ἸΨ
2248 2156 2502 2238 ‘¹³⁸⁵f'mf·

145 2252 255 2347 Qui
280 2272 431 2314 vero
480 2271 721 2313 eorum
759 2272 833 2310 su
886 2249 1230 2311 erfuerunt
1258 2250 1543 2324 casibus,
1590 2271 1706 2316 cos
1737 2252 1834 2315 sic
1863 2273 2125 2339 quoque
2148 2227 2508 2297 “mmfu'm‘

135 2334 380 2418 praedae
424 2348 507 2396 et.
543 2335 691 2417 agri
728 2331 808 2394 de
864 2332 1025 2393 inati
1063 2331 1261 2394 tertia
1297 2346 1485 2418 parte
1523 2332 1839 2402 multavit,

154 2483 163 2490 ·
227 2461 327 2520 LI.
390 2463 608 2529 Nam,
672 2455 740 2517 in
793 2455 942 2517 aliis
994 2454 1256 2517 delictis
1310 2455 1672 2519 connivere
1723 2455 1994 2532 solitus,
2057 2471 2127 2523 et

123 2543 299 2603 multa
342 2541 557 2602 militi
603 2538 1019 2612 condonare,
1090 2537 1472 2601 desertores
1522 2552 1714 2624 atque
1768 2542 2125 2604 seditiosos

121 2623 629 2707 implacabiliter
673 2622 935 2683 oderat-z
980 2620 1155 2705 quod
1197 2632 1454 2694 cetera,
1504 2642 1669 2706 quae
1703 2641 2129 2720 peccare-es-

121 2719 248 2767 sent
289 2705 527 2779 soliti,
576 2703 658 2763 ad
705 2703 982 2764 aliorum
1027 2701 1364 2782 injuriam,
1412 2703 1538 2766 hoc
1583 2702 1659 2765 ad
1708 2709 2126 2790 imperatoris

115 2790 478 2871 periculum
520 2785 934 2871 pertinebat,
992 2784 1434 2868 nequidquam
1469 2786 1975 2850 dominationem
2011 2787 2124 2849 ad-

114 2870 441 2942 fectantis‚
495 2873 555 2931 si
592 2869 950 2939 exercitus,
995 2887 1121 2951 per
1158 2887 1353 2950 quem
1393 2882 1654 2930 ceteros
1690 2870 1759 2930 in
1799 2869 2121 2953 obsequio

116 2953 528 3024 contineret,
597 2969 841 3012 exuere
891 2949 1278 3034 obsequium
1332 2950 1478 3034 ipse
1534 2951 1867 3036 coepiss'et.
1955 2955 2144 3014 hisi--

115 3036 477 3097 mulabatur
522 3049 738 3096 tamen
782 3053 817 3091 a
855 3032 1232 3115 plerisque,
1294 3032 1474 3116 quod
1518 3047 1753 3095 tantam
1793 3035 2121 3118 exercitus

116 3117 440 3180 licentiam
481 3137 619 3178 non
659 3115 821 3176 ess'et
856 3113 1156 3178 severius
1194 3129 1628 3198 exsequutus,
1674 3117 1833 3199 quin
1868 3132 1933 3180 et
1964 3119 2123 3180 ami·

122 3218 332 3261 corum
365 3195 826 3280 vitiacrimini
858 3196 1193 3270 dabantur,
1223 3197 1605 3264 Dolabellae
1636 3196 1860 3273 furor,
1899 3199 2125 3262 ebrio-

130 3280 263 3343 sitas
295 3281 622 3353 Antonii,
683 3279 1152 3362 intemperies,
1213 3278 1442 3353 luxus,
1502 3278 1768 3362 rapinae
1803 3281 2122 3366 plurimo-

130 3383 270 3426 rum.
367 3364 546 3435 Sed,
588 3360 700 3424 ista
740 3365 1120 3445 quamquam
1159 3382 1282 3424 nec
1320 3364 1657 3445 ignoraret
1690 3364 1951 3437 Caesar,
2000 3384 2123 3425 nec

124 3448 467 3530 probaret,
519 3446 671 3531 quia
709 3444 1021 3508 meliores
1058 3463 1193 3518 non
1227 3442 1507 3509 hahebat
1544 3443 1977 3521 administros,
2018 3445 2123 3510 his

124 3530 445 3592 utebatur.
1622 3530 1626 3534 “

228 3641 375 3700 ml.
436 3640 587 3700 Jam
610 3636 853 3706 -bruma
892 3650 1071 3711 erat,
1127 3650 1230 3710 et,
1292 3636 1409 3720 qui
1443 3634 1734 3699 Africam
1779 3634 2121 3711 tenebant,
2183 3636 2435 3692 Proccdt'e

109 3718 316 3782 hostes
342 3764 363 3794 ,
416 3739 623 3805 quum
654 3718 1562 3803 occupationibus-Omnis,
1606 3732 1741 3780 tum
1775 3720 1927 3780 anni
1957 3732 2121 3781 tem·
2148 3706 2438 3779 Rk‘ssf‘ffl

109 3823 268 3887 pore
290 3846 310 3878 ,
364 3804 663 3865 clausum
696 3802 760 3864 ei
788 3823 965 3865 mare
992 3803 1323 3891 putabant.
1411 3797 1544 3865 Sed
1572 3800 1685 3865 ille
1723 3802 1912 3865 solita
1946 3802 2122 3865 cele·
2458 3825 2466 3834 ¹
2507 3804 2515 3813 '

164 3993 322 4066 Cap.
360 3992 570 4048 XLIX.
608 3992 865 4065 Appian.
902 3991 1047 4048 Dici·
1115 3990 1362 4065 θηρὶ,
1397 3987 1657 4062 Appiani.
1698 3985 1947 4046 Sueten.
1971 3986 2126 4043 Dio.

115 4062 365 4118 Sueton.
403 4063 582 4116 Caes.
625 4079 677 4115 c.
705 4062 795 4119 38.
847 4060 984 4122 Dio.
1038 4061 1288 4120 Suetnn.
1365 4060 1508 4131 Gap.
1546 4058 1644 4114 LI.
1695 4056 1834 4111 Dio.
1875 4057 2124 4116 Sueten.

114 4133 277 4190 Caes.
314 4151 374 4186 e.
402 4134 502 4199 ⁶⁷·
554 4130 1093 4201 Polyaen..1sueat‹÷
1119 4131 1259 4191 1⁴>ss-
1304 4129 1469 4188 Plut-
1525 4128 1796 4186 Suetons
1826 4125 1996 4186 Caes.
2031 4141 2100 4195 72

121 4202 426 4275 cap.1.11.
463 4198 627 4256 Plut.
663 4200 808 4257 Dio.
1042 4241 1077 4262 ‚⁴
1148 4237 1195 4258 η
1246 4249 1275 4260 .,
1328 4237 1390 4260 Η.
1433 4249 1442 4258 .
1483 4215 1496 4242 ³
1543 4233 1576 4258 ...-
2121 4217 2158 4282 ι,
