2675 4642
2496 11 2523 41 Ι

1851 107 1884 130 N

607 238 630 276 1
648 225 720 291 1'4
773 217 1174 282 FREINSH.
1191 211 2199 284 SUPPLEMENTORUMLm.
2222 169 2551 288 nytvll.

1471 339 1481 346 ,
1605 333 2589 374 *4*—

254 426 318 481 Π.
347 427 400 481 οἱ
428 427 555 494 704·
598 426 827 509 pianus
873 417 1136 497 censet,
1195 426 1529 489 Fortunae
1580 427 1928 500 Caesarem
1992 426 2299 491 efferenti
2344 424 2637 500 cedere,

251 497 325 553 A·
359 495 427 550 C·
465 501 556 563 48.
599 522 733 570 tum
772 508 985 569 omnia
1029 508 1423 570 debuerunt.
2209 533 2222 538 ·

254 649 464 700 Caesar
488 647 568 700 A.
716 633 947 716 XXIII.
990 630 1078 696 At
1107 633 1369 704 Caesar,
1400 644 1897 716 praetervectus
1928 652 2106 693 oram
2128 630 2344 705 Asiae,
2373 632 2616 716 Ephe-

215 720 358 768 siam
395 717 569 769 obiter
596 736 736 776 sum
769 714 1020 796 attigit,
1070 713 1298 797 ibique
1336 727 1674 778 senatores
1712 735 1940 775 omnes
1979 734 2061 775 ex
2093 714 2429 797 provincia
2472 716 2612 794 sub

102 847 109 874 ς
213 785 511 851 constituit.
594 795 867 858 eosdem
912 796 1055 857 dies
1095 816 1176 857 eo
1215 807 1610 860 convocatos
1655 796 1783 862 ess'e
1821 796 2139 878 cognovit,
2171 819 2203 857 a
2241 799 2317 858 T.
2349 798 2612 879 Ampio

587 879 798 939 Balbo
821 920 838 950 ‚
903 875 1016 961 qui
1060 877 1139 938 ad
1175 876 1533 940 tollendam
1570 897 1649 938 ex
1685 869 1931 961 iemplo
1971 898 2216 939 sacram
2250 879 2614 962 pecuniam

589 958 859 1023 testibus
905 959 1012 1021 his
1051 961 1148 1022 uti
1189 960 1548 1055 cogitass'et.
1646 959 1757 1021 Sic
1798 960 2034 1020 iterum
2075 967 2333 1023 ‘servata
2367 961 2612 1044 Ephe-

592 1042 730 1103 siae
778 1043 1026 1124 Dianae
1073 1061 1392 1125 pecunia,
1449 1045 1637 1104 Ionas
1676 1055 2062 1126 ceterasque
2102 1057 2332 1126 gentes
2366 1044 2607 1117 Asiae,

589 1121 793 1186 miss'is
837 1125 1073 1220 legatis
1113 1124 1585 1207 deprecantes,
1647 1124 1838 1187 venia
1873 1138 2351 1208 prosequutuS‚
2408 1127 2612 1187 insu-

586 1227 712 1290 per
749 1208 1155 1291 provinciam
1192 1205 1694 1290 publicanorum
1729 1205 1989 1285 injuriis
2030 1220 2097 1267 et
2132 1206 2372 1268 triente
2409 1209 2610 1277 soliti

586 1288 820 1350 tributi
848 1289 1113 1352 levavit.
1169 1307 1294 1351 nec
1331 1302 1544 1349 tamen
1583 1288 1805 1351 omisit
1833 1285 2341 1372 locupletiorum
2373 1290 2611 1372 publi-

589 1389 743 1433 care
782 1370 1116 1444 fortunas‚
1174 1390 1341 1455 quos
1367 1370 1613 1432 favisse
1652 1370 1973 1455 Pompeio
2016 1367 2369 1432 constabat:
2474 1393 2609 1433 uo-

584 1472 732 1513 rum
762 1452 1176 1534 Pythodorus
1216 1474 1301 1514 ex
1330 1451 1800 1513 Asiarcharum¹
1825 1472 2136 1532 numero,
2196 1473 2391 1536 quum
2473 1476 2609 1515 uo-

585 1533 710 1596 bus
764 1538 1158 1597 talentorum
1198 1534 1492 1595 millibus
1536 1536 1813 1619 amplius
1855 1527 2247 1618 poffideret‚
2293 1535 2611 1601 >redemit

586 1640 623 1678 a
659 1618 940 1679 Caesare
980 1638 1141 1701 opes
1179 1638 1361 1688 suas,
1426 1636 1508 1677 ne
1559 1637 1640 1678 ue
1678 1618 1971 1678 minores
2006 1616 2280 1699 reliquit
2317 1617 2552 1680 liberis
2583 1644 2607 1681 ε

585 1699 759 1761 unde
812 1721 962 1760 mox
1019 1700 1100 1761 ad
1156 1699 1381 1782 regale
1440 1637 1763 1781 fastigium
1816 1698 2320 1760 adscenderunt.
2420 1704 2608 1763 Tum

534 1801 750 1852 „vero
785 1796 852 1844 et
880 1782 1143 1846 Gnidiis
1181 1780 1551 1844 immunitas
1588 1782 1728 1844 data
1761 1792 2036 1865 propter
2065 1781 2602 1865 Theopompum,

585 1865 699 1946 qui
743 1865 919 1926 inter
962 1865 1253 1938 Graecos
1305 1864 1552 1925 amicos
1600 1865 1955 1952 praecipue
1998 1864 2322 1948 gratiosus
2365 1878 2431 1927 et
2466 1886 2604 1949 po·-

550 1962 733 2012 ·tens
774 1947 946 2031 apud
979 1949 1325 2042 Caesarem
1369 1959 1530 2014 erat.
2447 1982 2455 1996 ι

276 2083 519 2138 Rhodum
581 2091 592 2099 ·
707 2073 944 2137 XXIV.
992 2071 1126 2134 Sed
1155 2073 1418 2144 Caesar,
1464 2069 1691 2155 paucis
1727 2070 1961 2132 diebus
1997 2069 2064 2131 in
2088 2067 2244 2130 Asia
2272 2081 2601 2145 moratus,

218 2154 471 2226 navigat.
583 2156 707 2239 jam
748 2158 840 2216 'ue
881 2156 1095 2217 minus
1133 2152 1478 2225 dubitans,
1524 2154 1591 2215 in
1624 2155 1985 2237 Aegyptum
2032 2152 2145 2213 isse
2176 2152 2599 2235 Pompejum‚

585 2260 715 2323 quo
806 2237 1015 2321 Cypri
1044 2237 1258 2300 visum
1301 2236 1432 2299 ess'e
1475 2249 1912 2319 cognoverat,
1981 2232 2279 2299 Rhodum
2322 2234 2601 2317 naviga..

582 2322 714 2393 vit,
772 2333 872 2394 et,
932 2318 1267 2391 collectis»,
1316 2333 1476 2401 quot
1521 2317 1739 2379 subito
1780 2330 2118 2414 poterant,
2179 2315 2454 2378 navibus
2489 2319 2604 2380 vi-

532 2449 536 2456 .
582 2404 847 2487 risque,
894 2420 1040 2462 cum
1078 2399 1412 2484 equitib'us
1451 2399 1850 2483 octingentis
1888 2398 2268 2481 duabusque
2304 2398 2601 2481 legioni-

482 2541 491 2554 ,
582 2486 742 2556 hus‘,
801 2505 961 2556 una,
1024 2503 1215 2567 quam
1264 2482 1453 2576 sequi
1495 2502 1576 2544 ex
1612 2481 1930 2544 Thess'alia
1976 2479 2276 2557 iufferat,
2342 2482 2598 2556 altera,

586 2587 783 2651 quam.
807 2588 840 2627 a
868 2563 1058 2626 Fufio
1096 2565 1157 2626 le
1207 2578 1311 2626 ato
1348 2579 1736 2627 evocaverat
1766 2584 1843 2626 ex
1873 2561 2132 2642 Achaia,
2177 2561 2603 2646 navibusque

583 2647 1116 2731 longis‘Rhodiis
1201 2666 1425 2721 ecem,
1481 2645 1792 2714 Asiaticis
1834 2644 2094 2729 paucis,
2156 2641 2296 2722 subs
2325 2656 2604 2708 noctem

586 2730 739 2791 inde
777 2730 975 2791 solvit
989 2750 1008 2807 3
1052 2731 1303 2813 ,ignaris
1336 2728 1603 2802 ceteris,
1650 2751 1782 2813 quo
1817 2726 2163 2792 tenderet.'
2190 2724 2309 2787 sed
2344 2725 2607 2808 guber-

492 2849 497 2854 ·
586 2826 850 2874 natores
887 2812 1175 2874 interdiu
1210 2812 1519 2874 vexillum
1554 2812 1924 2897 praetoriae
1954 2809 2160 2882 navis,
2206 2820 2404 2870 noctu
2428 2807 2606 2891 pha·

587 2916 731 2958 rum
764 2895 969 2978 ,sequi
1007 2895 1294 2976 jufferat.
1382 2895 1495 2957 Sic
1546 2895 1744 2959 tertio
1793 2892 1933 2981 post
1979 2890 2089 2954 die
2126 2888 2605 2958 Alexandriam

588 2991 917 3061 pervenit.
1587 3011 1588 3016 κ

232 3082 562 3140 Alexandri-
710 3084 916 3148 XXV.
986 3082 1120 3147 Sed
1166 3084 1235 3146 in
1274 3083 1382 3146 his
1432 3081 1808 3166 legionibus
1858 3079 1983 3142 tria
2031 3079 2231 3141 millia
2282 3078 2605 3157 ducenti,

206 3173 297 3210 Μ’·
325 3155 490 3209 ΜΨ·
589 3165 756 3227 haud
798 3167 1073 3250 amplius
1099 3210 1115 3240 ,
1170 3166 1417 3228 milites
1457 3178 1661 3227 erant.
1722 3163 2018 3245 reliquos
2058 3163 2326 3224 vulnera
2370 3163 2608 3224 labor..

595 3269 723 3332 que
761 3246 1167 3312 festinantem
1202 3249 1666 3332 imperatorem
1705 3243 2022 3324 consequi
2043 3258 2403 3306 vetuerant.
2457 3247 2612 3308 Sed

596 3335 870 3406 Caesar,
934 3330 1132 3392 animi
1184 3327 1629 3413 magnitudine
1684 3340 1751 3388 et
1800 3325 2233 3394 fama.rerum
2273 3325 2614 3409 gestarunt

592 3416 828 3487 fretus,
876 3433 1132 3475 omnem
1164 3411 1291 3474 sibi
1321 3414 1559 3484 locum,
1597 3406 2066 3492 quantumlibet
2094 3406 2372 3471 infirmis
2398 3431 2617 3492 prae..

596 3496 787 3557 sidiis
814 3539 831 3568 ‚
890 3510 1093 3557 tutum
1133 3495 1283 3557 fore
1323 3490 1738 3555 existimabat.
1816 3493 2106 3562 ‘'I'amen,
2170 3490 2318 3574 quia
2354 3495 2615 3554 tumul-

593 3592 852 3652 tuantes
901 3576 1154 3638 recenti
1204 3589 1416 3637 morte
1450 3572 1752 3658 Pompeii
1797 3570 2278 3634 Alexandrinos
2320 3592 2393 3633 re
2446 3594 2613 3637 ere-

595 3675 751 3734 rat„
780 3660 1027 3722 veritus
1071 3658 1252 3719 litori
1297 3678 1371 3719 se
1410 3655 1723 3727 credere,
1773 3654 2087 3716 anchoras
2126 3652 2319 3735 jecit:
2429 3675 2617 3721 onec

474 3761 481 3776 ’
566 3741 677 3802 -ad
718 3762 863 3803 eum
901 3740 1283 3802 Theodotus
1325 3739 1545 3816 venit,
1592 3752 1786 3824 caput
1831 3751 1898 3799 et
1936 3735 2238 3798 annulum
2264 3739 2610 3821 Pompeii,

2095 3857 2110 3868 n

668 3931 1045 4002 cap.xxl11.
1082 3932 1515 4000 Lucan.o.962.
1553 3932 1722 3987 Caes.
1766 3927 2020 4053 Appiam.
2061 3927 2200 3983 Dio.
2230 3927 2387 3983 Plut.
2421 3926 2613 3989 Caes,

599 4002 840 4068 Strabo,
869 3999 914 4055 l.
943 4005 1023 4066 14.
1054 4019 1115 4073 p.
1145 4004 1268 4069 649.
1306 4000 1464 4054 Plut.
1503 4000 1671 4056 Caes.
1714 3998 1849 4053 Stra
1897 4016 1956 4065 o,
1981 3998 2018 4052 Ι.
2044 4003 2126 4062 ¹4·
2209 3998 2366 4052 ‚656.
2442 3996 2610 4072 Cap,

596 4071 809 4126 XXIV.
850 4070 1020 4123 Caes.
1059 4070 1311 4142 Appian.
1352 4071 1520 4125 Caes.
1554 4066 1807 4141 Appian.
1884 4068 2155 4140 Cap.XX.
2218 4104 2234 4122 .
2277 4064 2445 4121 Caes.
2483 4066 2615 4122 Lu-

597 4157 730 4197 can.
770 4137 907 4194 Dio.
942 4137 1071 4193 Liv.
1100 4138 1261 4212 Epit.
1300 4139 1454 4195 Plut.
1493 4140 1706 4212 Pomp.
2565 4169 2572 4178 ·
