2675 4642
470 212 560 280 IN
588 211 900 286 LocUu
939 217 1102 280 LIB.
1145 217 1489 284 CXXXIV.
1534 221 1760 288 L1V11.
1860 219 1883 234 ⁹
1988 223 2122 318 683

136 416 366 493 clauae
394 420 819 492 institutionis
844 433 1166 486 auctorem
1197 430 1516 490 exstitisse
1542 437 1774 492 norint.
1831 437 2037 521 ‘Quod
2063 439 2123 496 si
2182 433 2251 492 U.
2282 451 2337 491 c·
2367 434 2491 504 7²3·
2570 424 2580 446 ⁸

121 488 620 575 forte-naturae
637 497 939 578 pravitas
967 498 1037 553 in
1069 500 1447 574 quibusdam
1479 500 1876 574 educationis
1905 527 2119 564 miram
2177 506 2255 564 A.
2270 506 2337 564 0.
2365 524 2453 577 ²9·

136 566 403 642 vicerit,-
452 558 555 619 Ins
581 562 748 619 nihil
777 583 996 621 earum
1027 585 1275 635 rerum,
1324 569 1547 644 quibus
1582 575 1767 630 abuti
1801 574 1888 634 ad
1915 577 2122 634 scelus
2462 595 2463 602 ’

133 638 419 712 possint,
459 633 908 690 committetur.
964 640 1075 721 qui
1110 656 1248 694 vero
1280 658 1358 695 ne
1390 642 1480 696 sic
1555 643 1764 697 uidem
1794 643 2118 718 quieverit,

120 695 475 779 ferociam,
513 718 704 774 quam
730 701 1071 774 disciplina
1091 705 1322 773 noluit,
1357 727 1513 783 supp
1545 711 1669 768 icio
1690 721 1916 784 ponat.-
1984 715 2123 776 uod

136 772 313 850 citra
345 774 526 824 tuam
556 769 862 828 invidiam
892 774 1206 847 intrepide
1226 777 1565 852 &rog-abi&
1605 785 1731 848 Nec
1753 783 1916 839 enim
1992 783 2124 840 rin-

136 851 302 907 cipz‚
345 844 419 918 ut
446 838 727 909 medico,
764 843 917 902 vitio
950 846 1244 911 vertitur,
1283 847 1341 901 si
1370 848 1644 917 recidat,
1685 848 1990 924 quidquid
2025 854 2121 909 in·

134 902 438 981 sanabile
486 915 553 963 et
588 928 811 983 corpus
855 915 1155 987 contagio
1193 909 1579 983 infecturum
1615 918 2118 992 deprehenderit.

134 964 347 1029 Illum
377 976 592 1045 potius
626 978 916 1062 onerabit
948 984 1227 1038 omnium
1253 981 1653 1060 indignatiO,
1704 990 1848 1060 qui,
1895 990 2121 1052 simili-

136 1048 242 1096 ter
275 1049 348 1097 at
389 1062 465 1098 ue
494 1053 689 1104 ceteri
719 1045 1027 1107 educatus
1045 1063 1082 1115 ,⁸
1124 1059 1372 1110 tantum
1406 1063 1471 1111 et
1502 1075 1540 1111 a
1574 1057 1735 1113 bona
1765 1066 2004 1126 mente,
2058 1066 2124 1115 et

140 1127 183 1166 a
214 1129 322 1165 mo
370 1114 532 1169 estia
559 1123 915 1174 ceterorum
943 1117 1296 1179 desciverit.
1367 1122 1496 1181 Sed
1527 1123 1606 1182 de
1635 1127 2029 1184 senatoribus
2058 1135 2125 1185 et

137 1180 467 1249 equitibus
499 1181 826 1243 hactenus.
2207 1203 2211 1208 “

2370 1233 2381 1252 N

262 1273 495 1337 xmx.
540 1281 639 1342 Ad
672 1283 911 1341 milites
940 1293 1232 1343 transeo.-
1278 1306 1434 1364 quos
1473 1287 1597 1346 tibi
1635 1296 1933 1365 perpetuo
1976 1291 2124 1349 reti·
2177 1316 2256 1372 De
2279 1314 2452 1376 ,num

132 1353 378 1411 nendos
425 1375 556 1414 esse
597 1355 710 1411 sub
753 1354 957 1428 signi-s
1002 1363 1295 1436 autumo,
1335 1376 1448 1433 per
1478 1363 1833 1430 provincias
1867 1363 2123 1417 aestivis
2145 1387 2240 1443 bu,
2450 1352 2473 1368 ’

136 1422 420 1481 hibernis
464 1446 540 1484 ue
573 1426 967 1492 constitutis,
1009 1434 1082 1481 ut
1108 1443 1409 1502 cujusque
1446 1427 1571 1488 loci
1598 1431 1876 1487 con-ditio
1907 1429 2118 1486 horta·
2242 1423 2262 1444 ⁸

139 1491 337 1549 bitur.
478 1498 523 1553 ‘s
565 1502 806 1551 certum
843 1492 1301 1565 stipendiorum
1336 1516 1666 1555 numerum
1703 1499 1996 1566 definies,
2048 1506 2124 1554 ut
2182 1556 2188 1562 ,

136 1562 232 1617 eis
271 1561 502 1638 aliqua.
524 1582 672 1637 pars
709 1566 943 1619 aetatis
975 1581 1174 1619 vacua
1209 1562 1426 1621 labore
1462 1575 1603 1640 post
1635 1569 1991 1624 missionem
2020 1587 2124 1623 su-

133 1633 356 1704 persit.
430 1634 557 1690 Sed
588 1637 667 1689 'ex
692 1633 881 1688 sociis
906 1633 1103 1688 etiam
1134 1652 1206 1689 ac
1235 1631 1572 1704 provinciis
1594 1637 1849 1694 auxilia
1873 1636 2121 1693 delecta

136 1703 371 1757 nostris
406 1698 1153 1788 legionibus-adjunges,
1207 1720 1365 1774 quae
1400 1712 1633 1780 parata
1668 1706 1794 1762 sint
1829 1704 1914 1762 ad
1987 1724 2124 1760 uos-

136 1768 301 1825 libet
330 1789 502 1828 usus.
575 1774 699 1829 Nec
729 1771 894 1827 enim
921 1772 988 1828 in
1018 1776 1042 1830 i
1085 1789 1153 1826 so
1186 1771 1499 1829 bellorum
1530 1774 1889 1831 discrimine
1909 1724 2121 1846 s‘lzcile

134 1838 321 1895 nobis
360 1844 489 1898 erit
524 1838 783 1898 auxilia
820 1848 1040 1897 contra
1090 1853 1229 1903 ere,
1285 1844 1392 1913 qui
1431 1851 1494 1898 et
1531 1846 1887 1917 provincias
1932 1845 2121 1916 longe

125 1906 483 1974 distantes,
520 1919 585 1968 et
614 1910 849 1967 vicinos
875 1909 1088 1969 hostes
1116 1906 1497 1967 habeamus.-
1536 1931 1734 1985 neque
1768 1911 2121 1969 consultum

135 1978 223 2033 sit
247 1996 577 2038 armorum
607 1998 793 2036 usum
824 1979 1115 2037 omnibus
1139 1982 1496 2053 promiscue
1527 1980 1884 2049 concedere,
1924 1999 2000 2037 ne
2035 1978 2124 2035 ad

136 2046 482 2106 seditiones
530 2055 719 2121 atque
763 2050 1071 2106 intestina
1118 2048 1294 2109 bella
1341 2051 1713 2106 abutantur.
1769 2054 1868 2107 sin
1903 2058 2120 2106 autem

138 2133 463 2174 armorum
508 2117 894 2175 tractatione
940 2119 1138 2177 simul
1182 2119 1475 2176 omnibus
1506 2119 1949 2187 interdicitur,
2005 2120 2119 2174 im-

136 2183 306 2311 {mlle
342 2195 531 2261 atque
545 2188 921 2262 'imperitum
949 2187 1180 2263 vulgus
1211 2187 1469 2246 auxilia
1496 2188 1953 2263 imperantibus
1977 2189 2121 2244 mit-

169 2271 244 2311 en
277 2290 297 2312 ο

235 2352 338 2412 Ἱι·
394 2364 811 2424 Utilissimum
862 2364 1069 2442 igitur
1115 2361 1238 2421 erit
1285 2380 1368 2424 ex
1409 2357 1878 2424 omni'numero
1917 2358 2122 2434 deligi
2177 2375 2488 2449 &qm-„am

135 2431 358 2489 robore
392 2437 671 2507 corporis
705 2434 950 2493 validos
971 2471 989 2503 ,
1029 2431 1435 2503 facultatum
1472 2435 1718 2504 inopes,-
1775 2441 1961 2505 atque
2006 2428 2120 2484 hos
2146 2453 2317 2501 arm-5
2336 2466 2485 2503 αν,

138 2503 424 2558 exerceri
454 2505 520 2560 in
552 2508 771 2570 armis,
806 2506 1070 2579 reliquis
1102 2504 1392 2559 omnibus
1423 2500 1698 2560 militiae
1728 2503 2118 2582 vacationem
2145 2518 2316 2572 mun,

140 2570 309 2627 dari.
382 2573 485 2629 Ita
524 2580 587 2627 et
623 2572 781 2631 belli
813 2583 878 2631 et
907 2577 1084 2644 pacis
1118 2580 1290 2630 artes
1318 2572 1551 2629 melius
1579 2570 1985 2634 excolentur,
2026 2566 2121 2623 ‹h-

142 2642 290 2697 visis
318 2640 487 2696 inter
522 2643 684 2698 ciues
717 2633 985 2715 officiis,
1023 2651 1119 2708 et,
1158 2661 1347 2717 quam
1422 2643 1637 2717 uisque
1665 2642 1964 2709 Spartam
2005 2654 2114 2691 na-

137 2717 277 2765 ctus
289 2710 526 2780 fuerit,
562 2713 955 2771 continenter
984 2722 1310 2769 ornaturo.
1441 2713 1542 2768 inc
1574 2711 1834 2771 eveniet,
1870 2714 2118 2788 utpars

136 2776 465 2837 hominum
537 2783 809 2846 erocior,
866 2791 933 2840 et
975 2781 1337 2838 latrociniis
1376 2788 1632 2853 propter
1677 2776 2018 2833 amlaciam
2056 2782 2121 2828 et

134 2845 422 2921 inopiam
502 2849 713 2917 edita,
763 2852 927 2920 citra
971 2847 1345 2924 cujusquam
1388 2846 1700 2922 injuriam
1744 2844 1997 2928 alatum
2055 2850 2119 2897 et

136 2921 368 2974 ceteris
403 2938 527 2974 non
555 2920 634 2975 ab
668 2919 767 2976 his
794 2921 1104 2978 securitas
1136 2915 1322 2974 modo
1353 2918 1469 2984 sit,
1515 2916 1627 2974 sed
1668 2922 1865 2970 etiam
1904 2910 2119 2968 adver-

132 3003 243 3052 sus
278 2998 572 3046 externos
606 2987 817 3046 hostes
849 2986 1265 3066 praesidium.
1356 3053 1363 3064 ἱ

261 3087 366 3146 LI·
415 3097 551 3153 Jam
582 3092 826 3169 pridem
852 3096 1053 3153 sentio
1084 3102 1143 3150 te
1171 3096 1556 3165 exspectare,
1592 3107 1744 3162 quos
1771 3090 1890 3145 sim
1920 3093 2119 3171 osten:
2178 3088 2405 3144 Pecunia

132 3183 322 3225 surus
346 3166 627 3228 reditus,
665 3164 1048 3221 immanibus
1082 3161 1372 3233 expensis
1405 3175 1613 3229 pares,
1686 3156 1930 3214 Idcirco
1960 3152 2119 3211 maht
2142 3160 2276 3210 unde
2304 3167 2465 3212 com—'

132 3234 560 3311 praefandum
612 3231 727 3289 hoc
772 3233 911 3290 loco
958 3241 1079 3299 est,
1131 3229 1380 3286 nullam
1419 3226 1811 3296 reipublicae
1831 3223 2117 3297 formam
2139 3229 2418 3298 paranda.

135 3321 353 3361 carere
384 3301 648 3378 pecunia
675 3320 876 3372 posse,
912 3303 1064 3376 quin
1092 3299 1177 3357 ad
1207 3298 1445 3380 omnia,
1481 3314 1642 3383 quae
1673 3293 1925 3379 agenda
1949 3300 2118 3364 sunt,

133 3373 236 3428 his
285 3373 485 3430 veluti
527 3373 728 3426 nervis
774 3378 1137 3426 moveatur.-
1184 3387 1261 3423 ne
1325 3372 1700 3438 rinczpatus
1742 3381 1929 3419 unius
1961 3358 2119 3418 haec

135 3461 269 3497 esse
298 3447 593 3515 putetur,
633 3448 750 3496 aut
779 3440 1124 3511 praecipua
1159 3437 1287 3492 invi
1334 3436 1424 3490 ia.
1517 3436 1802 3490 Ceterum
1836 3428 1937 3486 hic
1967 3448 2119 3515 quo..

138 3526 259 3581 que
299 3510 538 3584 partim
568 3503 843 3581 fortuna
887 3516 1000 3564 tua
1041 3504 1347 3580 providit,
1401 3504 1640 3577 partim
1684 3498 2115 3581 providebitur

131 3577 485 3638 industrias
565 3578 824 3648 Multae
859 3584 1007 3633 sunt
1039 3594 1120 3631 ex
1150 3573 1437 3630 omnibus
1466 3570 1895 3639 superioribus
1929 3566 2118 3624 bellis

128 3648 551 3723 possessiones
570 3646 890 3719 publicae.
932 3664 1013 3700 ex
1041 3643 1138 3699 bis
1162 3659 1388 3717 sepone
1415 3659 1653 3714 paucas
1677 3638 1948 3696 maximi
1966 3653 2117 3692 usus

119 3717 429 3792 futuras.-
476 3724 715 3773 ceteras
761 3715 969 3770 venire
1002 3709 1178 3786 jube.
1231 3712 1569 3781 pecuniam
1617 3728 1813 3783 aequo
1846 3707 2117 3780 foenore

137 3783 321 3842 crede
349 3783 472 3853 his,
510 3785 618 3857 qui
647 3801 861 3844 cavere
889 3780 1122 3854 populo
1131 3786 1469 3906 cpoterunt.
1510 3797 1515 3802 ’
1540 3778 1647 3837 Sic
1677 3786 1740 3833 et
1767 3784 1937 3833 terra
1955 3790 2115 3901 {na-

133 3854 295 3909 viter
328 3854 617 3920 exculta,
670 3851 944 3908 dominis
972 3869 1125 3924 prae
1175 3852 1382 3905 iorum
1413 3845 1877 3920 praesentibus,
1919 3864 1956 3901 a
2004 3864 2113 3904 un-

137 3920 463 3981 dantiores
494 3942 568 3981 ac
598 3939 898 3996 perennes
923 3920 1316 3992 reipublicae
1334 3916 1596 3994 fructus
1627 3914 1905 3991 adferet.-
1943 3920 2006 3971 et
2031 3930 2116 3970 ex

205 4102 356 4174 Cap.
386 4099 484 4155 LI.
522 4102 663 4158 Tac.
693 4100 847 4157 Anu.
877 4100 930 4173 6,
956 4117 1054 4171 17·
1103 4096 1245 4154 Dio.

2604 2415 2615 2442 l
