2675 4642
595 249 680 315 so
740 201 1164 312 remman.
1203 180 2052 354 surrnmmofiuu
2066 208 2232 316 [Lm.
2247 243 2567 355 1711va

263 461 328 518 U.
354 478 407 516 c.
434 459 562 528 7⁰4·
600 458 751 532 lem,
799 455 912 541 qui
941 452 1286 538 aliquando
1317 450 1544 538 flagris
1575 466 1805 517 caesus
1842 453 1921 543 ab
1947 455 2237 525 Isaurico
2270 469 2461 539 patre
2489 456 2617 523 di-

258 532 334 587 A·
368 530 436 589 G·
471 531 563 598 48·
601 539 892 602 cebatur.
952 536 1057 600 Ad
1090 550 1449 611 extremum
1484 544 1696 599 tamen
1738 536 2043 620 superior
2086 551 2153 598 et
2186 537 2330 618 jure
2365 555 2435 602 et
2471 550 2619 624 po-

307 642 316 651 ·
424 636 431 645 “
466 642 475 655 ’
597 621 801 685 tentia
832 618 1067 682 consul
1087 617 1297 681 coelii
1327 620 1549 702 partes
1580 617 1690 678 alii
1721 617 1973 687 cuidam
2004 618 2299 701 praetori
2327 620 2624 695 deman?

599 694 815 765 davitz
879 702 1090 784 ipsum
1138 714 1204 767 et
1238 699 1393 762 foro
1435 711 1502 760 et
1537 698 1718 761 curia
1753 699 2067 775 exclusit,
2127 701 2622 787 volentemque

526 822 531 827 -
600 781 985 847 concionari
1012 781 1096 843 de
1127 779 1352 843 rostris
1387 779 1687 855 detraxit.
1772 781 2061 855 Coelius,
2106 780 2466 864 ignominia
2507 786 2625 848 si-

476 934 485 941 x
597 860 732 927 mul
768 865 1025 948 iraque
1074 876 1402 936 emotus,
1444 857 1525 922 ad
1559 861 1994 946 Pompeianos
2034 866 2337 946 scripsit,
2380 866 2453 927 in
2484 887 2626 928 ur..

539 983 551 989 -
597 948 748 1010 hem
800 967 916 1008 eos
962 964 996 1006 a
1049 965 1322 1018 vocans,
1389 941 1688 1005 nudatam
1736 944 2088 1026 praesidiis
2134 946 2459 1021 futuram,
2537 961 2626 1013 et

600 1028 805 1091 studio
858 1047 944 1112 po
994 1026 1087 1088 uli
1139 1027 1518 1111 proniorem
1565 1025 1641 1085 in
1677 1024 1824 1087 illas
1922 1040 2135 1101 artes,
2173 1042 2624 1115 ‘vacuamque

242 1166 249 1171 f
602 1111 847 1174 Italiam
882 1129 948 1170 o.
974 1103 1236 1172 entans‘:
1296 1107 1475 1194 quod
1511 1107 1705 1169 etiam
1742 1107 1879 1173 salu
1928 1108 2237 1171 errimum
2275 1110 2409 1172 illis
2457 1122 2462 1125 ’
2494 1133 2627 1173 ar..

295 1197 557 1255 Milonem-
603 1192 777 1254 tibus
812 1191 1046 1253 fuerat.
1129 1191 1313 1253 Misit
1345 1189 1538 1252 etiam
1567 1188 1646 1250 ad
1666 1191 1745 1250 Τ.
1769 1186 2052 1250 Atinium
2076 1191 2386 1253 Milonem
2415 1212 2453 1255 c
2484 1215 2627 1256 an-

147 1296 150 1303 ’
228 1268 525 1335 Μθὶίθΐο-
605 1271 886 1335 destinos
931 1271 1246 1345 nuncios,
1307 1293 1500 1357 quem
1541 1270 2043 1334 inimicill'imum
2083 1273 2345 1339 Caesari
2388 1295 2627 1339 nove-

252 1364 255 1369 '
603 1369 744 1427 rat,
803 1369 1155 1438 propterea
1202 1354 1410 1438 quod,
1470 1350 2200 1430 restitutis·exsulibuS,
2260 1356 2441 1418 solus
2484 1357 2625 1422 ille

603 1436 889 1502 reditum
926 1456 1057 1499 non
1100 1437 1584 1520 impetraveram
2297 1470 2298 1473 ¹

725 1559 899 1621 XXI.
942 1563 1326 1643 Magnorum
1361 1557 1522 1621 haec
1561 1558 1692 1621 effe
1726 1571 2018 1623 motuum
2048 1557 2234 1622 initia
2267 1572 2624 1643 poterant,

603 1640 768 1705 viris
820 1642 1017 1702 claris
1070 1655 1136 1702 et
1180 1639 1532 1702 audacibus
1583 1641 1734 1702 talia
1780 1641 2197 1721 molientibus
2215 1647 2239 1713 ‚'
2279 1656 2631 1727 occupato

604 1722 763 1784 alibi
800 1724 1076 1785 Caesare
1099 1763 1117 1794 ‚
1161 1736 1229 1784 et
1263 1721 1703 1785 incertiss'imis
1743 1725 1934 1806 plane
1970 1722 2398 1807 temporibus.
2480 1726 2630 1787 Ce-

601 1816 817 1865 terum
858 1825 939 1867 ex
972 1817 1152 1865 tanto
1188 1817 1366 1864 metu
1399 1804 1709 1884 celeriter
1748 1818 1815 1866 et
1844 1804 2006 1868 citra
2033 1803 2504 1867 detrimentum
2540 1805 2630 1870 hi

558 1924 567 1928 ·
603 1902 873 1953 conatus
908 1885 975 1946 in
1011 1884 1285 1946 nihilum
1326 1898 1697 1947 evaserunt.
1845 1887 2044 1969 uippe
2064 1886 2397 1959 Milonem,
2445 1906 2633 1950 con-

604 1981 811 2030 tracto
847 1967 1272 2050 fugitivorum
1311 1969 1626 2039 exercitu,
1671 1988 1795 2052 pro
1829 1982 2039 2031 ectum
2072 1968 2142 2027 in
2165 1968 2629 2052 Campaniam,

523 2099 540 2110 .
609 2063 676 2113 et
707 2049 891 2132 quasi
921 2047 1216 2111 mandato
1240 2049 1540 2132 Pompeii
1564 2048 1864 2112 homines
1894 2049 2373 2125 sollicitantem,
2406 2068 2632 2135 quot-

598 2145 770 2216 ,quot
820 2131 904 2196 ob
956 2151 1064 2193 aes
1118 2131 1397 2192 alienum
1441 2144 1560 2191 aut
1606 2130 1899 2193 facinora
1936 2129 2246 2193 credebat
2269 2131 2629 2210 idoneos»,

606 2213 798 2297 pauci
846 2226 994 2275 sunt
1039 2213 1331 2309 sequuti:
1397 2213 1742 2296 Capuaque
1779 2210 2010 2274 frustra
2045 2212 2320 2288 tentata,
2368 2215 2635 2279 confla-

611 2294 919 2378 giendum
969 2293 1035 2356 ei
1068 2293 1286 2356 Tifata
1324 2293 1473 2355 fuit.
1558 2298 1828 2377 Ignarus
1876 2294 2146 2368 horum,
2209 2309 2275 2358 et
2319 2294 2634 2362 meliora

612 2396 885 2459 sperans
911 2374 1197 2449 Coelius»,
1234 2374 1630 2459 conjungere
1664 2397 1735 2439 se
1762 2396 1903 2438 cum
1929 2377 2046 2437 illo
2068 2376 2390 2460 cupiebat.
2421 2378 2632 2456 ¹Sed,

613 2457 765 2541 quia
815 2459 1091 2520 occulta*
1120 2456 1272 2540 fuga
1318 2477 1442 2519 nec
1488 2457 1644 2519 satis
1681 2471 1815 2519 tuta
1855 2456 2232 2533 videbatur,
2293 2472 2359 2520 et
2392 2461 2634 2541 majus

611 2538 690 2599 ad
730 2539 944 2600 omnia
974 2552 1368 2600 momentum
1402 2551 1563 2614 erat,
1610 2539 1669 2601 si
1704 2540 1888 2622 quasi
1916 2554 2183 2618 praetor
2213 2530 2637 2624 proficisce-

554 2633 816 2703 sretur,
863 2633 1284 2682 commeatum
1321 2643 1359 2682 a
1389 2621 1657 2683 consule
1693 2621 1919 2704 petiit,
1964 2635 2282 2706 tamquam
2315 2644 2636 2707 purgan-

615 2698 683 2764 di
713 2703 814 2763 sui
843 2700 1049 2763 caussa
1068 2703 1414 2765 Caesarem
1439 2702 1753 2782 aditurus.
1813 2704 2078 2778 Consul,
2124 2703 2414 2783 simulari
2443 2704 2640 2772 haee

615 2804 727 2846 sus
777 2784 1019 2857 icatus,
1074 2783 1408 2846 tribunum
1450 2783 1665 2867 plebis
1713 2781 2026 2855 ad'unxit‚
2090 2785 2203 2868 qui
2241 2807 2351 2847 res
2393 2806 2639 2855 novas

615 2885 723 2927 mo
752 2866 996 2928 ientem
1060 2869 1423 2929 coerceret.
1508 2867 1597 2927 At
1647 2805 1913 2948 Coeiius
1936 2909 1955 2939 ‚
2017 2864 2190 2927 haud
2246 2866 2656 2950 longedum,

664 2947 989 3021 rofectus‚
1034 2946 1257 3017 audito
1284 2947 1554 3010 Milonis
1583 2946 2033 3019 incommodo,
2079 2949 2146 3009 in
2175 2947 2414 3012 itinere
2451 2952 2645 3015 sub..

613 2968 807 3092 Kitit:
852 3026 1064 3103 unde,
1108 3048 1188 3092 co
1237 3031 1380 3093 nito
1417 3028 1557 3109 ejus
1598 3029 1898 3103 consilio,
1943 3031 2243 3092 tribunus
2271 3030 2645 3100 hominem

610 3109 681 3170 in
716 3111 943 3173 urbem
971 3111 1214 3173 reduce
1264 3125 1347 3175 at.
1411 3110 1544 3175 Sed
1576 3112 1827 3173 interea
1856 3125 2115 3174 senatus
2135 3112 2449 3174 Milonem
2482 3111 2656 3179 ho·

611 3188 765 3254 Rem
793 3191 1226 3273 judicaverat,
1270 3195 1500 3256 Coelio
1537 3212 1798 3285 manere
1832 3192 1914 3254 ad
1943 3192 2170 3256 urbem
2204 3192 2391 3276 juffo.

297 3341 589 3401 Euam„
737 3325 939 3388 XXII.
983 3325 1283 3407 Id‚quuin
1321 3324 1480 3387 effet
1514 3323 1788 3396 factum,
1832 3323 2023 3408 isque
2058 3346 2131 3388 se
2156 3325 2644 3422 negligentius

230 3414 512 3486 profugit..
616 3404 923 3470 custodiri
970 3405 1302 3478 sensiss'et‚
1361 3407 1428 3467 in
1465 3405 1872 3488 Campaniam
1915 3407 2249 3492 profuflit,
2306 3428 2488 3471 vires
2549 3426 2655 3478 εἶ’

615 3489 887 3550 consilia
917 3508 1063 3551 cum
1087 3488 1335 3548 Milone
1367 3486 1728 3564 iuncturus.
1799 3490 1958 3549 Nam
1994 3509 2074 3550 ex
2104 3489 2354 3572 magnis
2387 3488 2455 3550 in
2490 3513 2644 3555 ae-

269 3604 283 3631 t
592 3568 866 3633 ‘dilitat‘e
902 3570 1070 3633 datis
1102 3569 1481 3631 muneribus
1513 3569 1794 3652 aliquem
1817 3570 2142 3652 reliquum
2162 3570 2443 3635 habebat
2463 3573 2644 3654 gla-

613 3650 934 3715 diatorum
987 3670 1345 3713 numerum.
1431 3651 1572 3712 Hos
1609 3650 1814 3731 igitur
1850 3652 2190 3736 Neapolim
2230 3653 2394 3714 clam
2427 3653 2646 3733 juffit

612 3731 910 3816 ingredi,
957 3724 1402 3817 proditionem
1443 3731 1670 3816 oppidi
1713 3753 2004 3816 sperans.
2070 3734 2092 3795 i
2144 3753 2215 3796 se
2244 3734 2654 3813 Casilinum}

579 3864 584 3868 .
611 3816 830 3887 venit,
877 3829 944 3878 et
969 3814 1089 3876 sub
1122 3812 1582 3900 idemtempus
1614 3814 1798 3899 signa
1830 3816 1971 3898 ejus
2007 3816 2095 3879 mi
2124 3816 2313 3878 itaria
2342 3816 2654 3902 Capuae'

977 3916 983 3924 ’
1059 3917 1072 3927 “
2331 3917 2515 3961 com-

612 4108 617 4123 .
685 4067 828 4141 Cap.
860 4071 983 4125 XX.
1036 4068 1175 4125 Dio.
1219 4068 1390 4125 Caes.
1441 4069 1567 4142 Cic.
1606 4070 1765 4128 vell.
1798 4088 1861 4138 a,
1897 4071 1985 4137 5²·
2026 4073 2194 4128 Caes.
2230 4073 2373 4128 Dio.
2447 4071 2654 4152 equ

613 4134 768 4194 xxl.
807 4136 974 4195 caes.
1013 4137 1151 4195 Dio·
1192 4139 1369 4221 Oros-
1403 4141 1462 4211 6,
1501 4143 1584 4201 25·-
1629 4139 1768 4199 Dio.
1831 4136 1989 4229 Cap.
2021 4141 2204 4237 XXII.
2238 4142 2408 4200 Caes.
2489 4202 2498 4211 ,
