2675 4642
632 253 752 337 752
861 254 1266 323 remman.
1299 250 2130 320 surrnnnenronum
2160 253 2321 352 Lan.
2346 257 2454 320 cl.

291 466 358 525 u,
390 486 444 523 ο,
475 470 602 540 737·
629 442 715 507 lis
766 442 1102 503 excusavit
1144 437 1464 499 Licinium
1495 479 1515 509 ,
1578 436 1886 518 quaedam
1949 439 2252 522 ignorare
2294 462 2366 505 se
2393 484 2412 514 ‚
2477 442 2604 505 alia

290 538 361 595 Α.
383 538 453 595 c.
482 541 565 596 15.
628 545 760 588 non
796 522 1069 584 credere
1106 520 1445 583 simulans:
1491 517 1649 600 quin
1684 530 1749 579 et
1782 521 2137 583 occultabat
2165 522 2335 593 haud
2374 545 2601 606 pauca,

625 605 881 690 pudore
920 604 1110 665 etiam
1141 602 1404 672 ductus,
1449 597 1623 681 quod
1666 599 1776 660 tali
1812 617 2234 682 procuratore
2274 620 2598 667 uteretur.

627 687 761 751 Sed
799 686 1066 747 maxime
1114 683 1371 745 Licinio
1442 678 1758 741 calliditas
1800 701 1910 742 sua
1950 685 2230 765 profuit3
2278 689 2393 768 qui
2418 730 2439 759 ‚
2484 688 2602 748 ali.

623 791 693 839 as
723 787 983 854 (quoque
1014 765 1092 827 ad
1118 783 1434 826 novorum
1482 780 1752 843 operum
1784 763 2107 846 impensas·
2138 767 2452 831 conferre
2490 791 2599 851 pa-

619 864 815 913 trono
851 848 1128 932 grandes
1170 864 1443 905 summas
1478 841 1746 917 solitus,
1790 844 1954 923 irato
1988 866 2361 931 poenasque
2402 850 2597 909 mini-

619 934 781 995 tanti
821 950 1106 1011 magnam
1150 927 1278 989 vim
1318 926 1459 991 auri
1501 924 1918 1006 argentique,
1980 940 2043 988 et
2087 941 2459 999 ceterarum
2493 951 2605 991 re..

618 1034 762 1075 rum
796 1012 1095 1094 ingentes
1131 1026 1402 1070 acervos
1442 1001 1748 1067 ostendit:
1795 1025 1866 1062 ea
1900 1027 2023 1064 non
2060 1008 2213 1077 sibi,
2251 1030 2363 1068 nec
2397 1015 2599 1068 avan·-

619 1096 754 1152 εἰσι
802 1082 1023 1149 caussa
1068 1095 1361 1163 congesta
1402 1086 1669 1157 dicens,
1727 1082 1833 1143 sed
1892 1087 1958 1141 in
2020 1087 2302 1144 Caesaris
2351 1087 2601 1160 populi-

617 1187 739 1295 ἵνα
782 1167 1053 1226 Romani
1087 1182 1266 1236 urm,-
1304 1175 1365 1222 et
1391 1187 1467 1223 ne
1502 1166 1708 1233 Galli,
1761 1184 1914 1242 gens
1939 1165 2019 1220 ad
2052 1189 2145 1224 res
2177 1186 2368 1225 novas
2408 1170 2601 1224 mobi-

650 1241 735 1301 is,
796 1238 889 1293 Ιιίε
925 1237 1225 1290 instructa
1258 1238 1449 1306 copiis
1476 1236 1744 1310 facilius
1775 1235 1857 1290 ad
1888 1233 2282 1292 rebellionem
2310 1235 2601 1309 prolabe-

617 1317 813 1364 retur.
861 1306 994 1365 *Sic
1036 1303 1359 1376 eflectum,
1413 1320 1482 1367 ut
1524 1306 1817 1366 Licinius
1857 1302 1924 1360 in
1960 1305 2167 1383 Gallia
2204 1308 2450 1367 multos
2491 1328 2599 1367 an-

619 1404 741 1444 nos
781 1385 980 1447 veluti
1007 1402 1277 1468 regnum
1315 1382 1743 1447 continuaret.
1788 1385 1933 1444 Hoc
1969 1398 2222 1470 tempus
2254 1406 2409 1449 esse
2453 1407 2599 1450 cre-

622 1463 901 1526 diderim
939 1466 1378 1549 Augustoduni
1416 1469 1483 1527 in
1522 1467 1765 1529 Aeduis
1799 1464 2134 1541 conditae,
2199 1489 2363 1553 quae
2407 1483 2597 1552 caput

531 1554 538 1561 ‘
667 1548 833 1608 entis
876 1548 1053 1620 esset,
1100 1547 1606 1633 liberalibusque
1640 1547 1892 1617 studiis»,
1942 1568 2211 1630 quorum
2262 1550 2356 1610 ibi
2405 1572 2595 1632 prae-

617 1568 1013 1695 fiantiffimos
1046 1627 1376 1713 magistros
1418 1630 1760 1701 collocavit
1802 1628 2077 1702 Caesar,
2136 1631 2594 1692 nobiliffimam

620 1709 953 1773 Gallorum
996 1709 1390 1789 iuventutem
1431 1713 1509 1773 ad
1539 1712 1864 1773 mitiorem
1894 1709 2084 1771 vitam
2121 1712 2441 1795 erpdiret.
2491 1719 2592 1773 ln-

621 1791 703 1854 de
737 1791 1071 1853 Tiberium
1094 1834 1112 1862 ‚
1157 1790 1334 1872 cnjus
1369 1813 1564 1878 opera
1603 1793 1812 1855 ferme
1847 1811 1966 1873 per
1995 1793 2320 1876 integrum
2360 1815 2594 1855 annum

621 1874 691 1970 in
728 1873 1015 1970 regenda
1050 1873 1257 1935 Gallia
1300 1895 1454 1937 usus
1492 1889 1665 1949 erat,
1726 1873 1793 1934 in
1831 1872 2166 1936 Rhaetiam
2216 1895 2361 1937 cum
2406 1896 2592 1938 exer..

554 1982 558 1987 ’
625 1969 757 2017 citu
792 1970 991 2016 misit.
1656 1976 1660 1983 ²

284 2027 499 2081 Bonum
564 2097 579 2111 ‚
741 2037 908 2101 LIV.
951 2035 1225 2109 Rhaeti‚
1272 2037 1516 2101 circum
1553 2037 1752 2121 Alpes
1784 2034 2198 2096 Tridentinas
2245 2037 2428 2103 inter
2459 2041 2589 2100 No-

251 2097 802 2221 ⁶“”}7¹3n'2‘⁸2‘.“ricos
859 2119 1081 2181 Gallos
1132 2138 1211 2180 ue
1253 2121 1496 2202 positi,
1557 2133 1621 2181 et
1678 2119 1797 2180 hos
1843 2131 1914 2178 et
1954 2116 2197 2177 ltaliam
2240 2119 2590 2184 latrocinio

250 2177 302 2218 et
390 2185 410 2221 ⁸
484 2184 508 2219 ⁸
535 2181 584 2221 ⁸⁶
626 2214 1039 2272 vexaverant,
1131 2201 1197 2260 iu
1233 2202 1491 2286 lateque
1522 2200 1807 2285 graffati3
1852 2212 1917 2260 et
1947 2212 2356 2273 transeuntes
2394 2221 2594 2282 nego-

624 2280 865 2343 tiorum
907 2282 1109 2343 cauffa
1148 2284 1472 2345 Romanos
1510 2283 1855 2364 sociosque
1882 2278 2349 2343 interfecerant
2372 2303 2392 2342 z
2438 2297 2593 2344 tam-

628 2383 754 2447 que
799 2362 1084 2425 crudelis
1116 2363 1220 2425 his
1260 2378 1399 2428 erat
1441 2366 1724 2438 animus,
1770 2376 1840 2422 ut
1866 2380 2091 2421 omnes
2122 2381 2332 2425 mares
2368 2379 2592 2445 captos

627 2445 924 2528 protinus
969 2446 1382 2518 occiderent,
1427 2467 1510 2508 ne
1542 2446 1645 2506 his
1684 2442 1987 2528 quidem,
2029 2442 2140 2524 qui
2179 2444 2382 2507 effent
2417 2445 2485 2504 in
2518 2465 2597 2503 u-

628 2539 773 2592 tero
798 2567 816 2597 ‚
869 2529 1155 2611 exceptis
1178 2570 1196 2599 ‚
1246 2548 1431 2611 quos,
1478 2526 1702 2589 nescio
1736 2545 1859 2608 qua
1891 2522 2312 2598 divinatione,
2356 2526 2599 2608 depre-

628 2606 1015 2668 hendebant.
1066 2611 1205 2670 Hos
1245 2610 1369 2688 jam
1405 2611 1660 2670 Drusus
1698 2607 1775 2669 ab
1808 2601 2088 2686 Augusto
2118 2606 2338 2667 miss'us
2381 2627 2601 2690 pugna

628 2689 875 2750 vicerat
899 2688 983 2748 ad
1016 2689 1215 2772 Alpes
1246 2691 1664 2753 Tridentinas
1686 2732 1704 2762 ‚
1748 2688 1897 2748 ideo
1937 2687 2289 2768 praetoriis
2318 2687 2602 2770 insigni-

628 2767 748 2830 bus
770 2770 1142 2831 honoratus.
1190 2772 1291 2834 Ab
1329 2772 1560 2835 eodem
1591 2770 1826 2831 finibus
1859 2767 2098 2829 Italicis
2127 2768 2449 2841 submoti,
2484 2769 2601 2830 ubi

632 2851 879 2913 Galliae
903 2850 1116 2913 infesti
1142 2853 1591 2926 incubuerunt,
1640 2853 1827 2913 etiam
1856 2849 2162 2909 Tiberius
2185 2850 2254 2908 in
2290 2870 2410 2911 eos
2438 2850 2598 2911 mis-

631 2953 763 3005 sus,
793 2933 1064 3016 quando
1100 2949 1165 2997 et
1194 2935 1520 3000 Vindelici
1544 2955 1683 2996 cum
1705 2931 1971 2994 Rhaetis
2006 2949 2076 2990 se
2103 2929 2597 3008 conjunxerant.

295 3042 605 3099 Amant,
750 3017 887 3080 LV.
960 3015 1047 3075 Hi
1101 3017 1334 3079 divisis
1384 3018 1710 3102 partibus,
1774 3033 1894 3096 per
1937 3012 2006 3071 se
2056 3024 2121 3071 et
2153 3010 2406 3093 legatos
2452 3013 2605 3096 plu-

270 3109 471 3166 Titmt,
488 3131 604 3168 m..
629 3096 813 3160 ribus
874 3096 1040 3157 locis
1099 3096 1338 3159 hostem
1388 3098 1466 3159 ad
1517 3099 1711 3170 resti,
1750 3094 1995 3154 -multis
2045 3091 2302 3155 urbium
2372 3107 2443 3156 et
2488 3113 2599 3155 ca-

248 3180 465 3246 strieur.
626 3174 953 3240 stellorum
1011 3180 1474 3263 oppugnationi
1522 3202 1597 3242 us
1630 3222 1649 3253 ‚
1717 3174 2020 3237 Tiberius
2077 3173 2267 3235 etiam
2317 3196 2446 3259 per
2504 3176 2601 3235 la-

632 3277 777 3321 cum
846 3258 1123 3355 navigiis
1187 3262 1534 3324 subvectus
1564 3303 1582 3334 ‚
1661 3269 2058 3340 carpserunt.
2168 3253 2361 3316 Justis
2435 3275 2600 3339 quo-

633 3361 764 3425 que„
797 3341 1071 3424 proeliis
1126 3342 1491 3404 dimicatum
1516 3384 1533 3414 ‚
1602 3361 1638 3401 a
1679 3339 1946 3421 Tiberio
2000 3337 2377 3420 praecipue.
2462 3342 2603 3399 Nee

633 3440 982 3484 occurrere
1021 3424 1184 3485 locis
1222 3425 1518 3487 omnibus
1566 3421 1825 3485 barbari
1859 3439 2002 3479 cum
2039 3438 2266 3502 magna
2306 3418 2604 3479 multitu-

635 3503 786 3568 dine
821 3517 1159 3586 poterant‚
1206 3520 1272 3569 et
1306 3505 1618 3590 quidquid
1650 3503 1888 3584 ubique
1924 3499 2491 3582 intercipiebatur,
2539 3513 2607 3560 et

635 3587 879 3648 animos
911 3600 1277 3679 ceterorum
1305 3602 1376 3651 et
1403 3589 1577 3653 vires
1610 3583 1955 3649 minuebat.
2039 3579 2244 3665 Igitur
2277 3601 2357 3645 eo
2399 3579 2609 3643 dedu-

1299 3673 1303 3677 “
2418 3676 2527 3726 cta

236 488 248 527 l

251 2235 386 2305 δίδοι,

699 3801 783 3854 Ca
827 3837 846 3855 .
876 3801 1027 3856 LIII.
1066 3800 1334 3856 Macrob.
1370 3799 1494 3855 Sat.
1527 3817 1579 3854 2.
1612 3817 1664 3853 c.
1693 3801 1746 3865 4.
1775 3798 1910 3852 Dio.
1942 3797 2079 3851 Sen.
2111 3793 2258 3849 Lud.
2300 3794 2378 3848 de
2411 3802 2607 3847 morte

634 3869 782 3925 Clau
830 3906 844 3922 .
877 3873 1018 3923 Tac.
1052 3872 1204 3925 Ann.
1236 3872 1289 3936 ὃ,
1320 3872 1410 3936 43.
1446 3879 1508 3923 ct
1541 3868 1623 3922 ibi
1656 3868 1816 3939 Lips.
1844 3865 1980 3919 Dio.
2018 3865 2264 3920 Sueton.
2297 3863 2443 3919 Tib.
2474 3880 2530 3915 c.
2554 3880 2605 3930 9.

631 3936 772 3991 nio.
843 3939 993 4009 Gap.
1021 3939 1172 3993 LIV.
1211 3939 1453 4000 Strabo,
1487 3937 1600 3999 LA,
1631 3955 1691 4008 p.
1716 3940 1836 3995 206.
1873 3934 2009 3986 Dio.
2043 3933 2207 3985 Flor.
2229 3936 2286 3999 4,
2318 3949 2404 3985 12.
2437 3932 2606 3986 Oros.

631 4009 686 4067 6.
724 4025 810 4062 υ.
841 4007 978 4062 Dio.
1022 4008 1168 4061 Vell.
1205 4025 1254 4073 a,
1324 4009 1378 4062 5.
1413 4016 1471 4059 et
1502 4005 1640 4058 Dio.
1713 4007 1857 4076 Cap.
1893 4002 2014 4056 LV.
2054 4004 2198 4053 Hor.
2233 4000 2440 4054 Carm.
2473 4006 2527 4062 6,
2556 4006 2603 4060 l..

633 4084 707 4196 g:-
728 4076 997 4199 14.SVelll'.
1034 4085 1093 4130 et
1121 4075 1258 4131 Dio.
1353 4093 1448 4130 or.
1483 4075 1678 4130 Garm.
1704 4078 1758 4144 4,
1798 4076 1885 4141 ¹4·
1917 4070 2054 4126 Dio.
2093 4069 2220 4124 Liv.
2252 4064 2420 4145 Epit.
2454 4064 2603 4129 vell.

690 4161 771 4198 ιο.
846 4154 933 4198 tra
983 4161 1042 4200 o.
