2675 4642
353 206 504 286 822
740 176 2161 297 rsnvnmsronmflum'

357 414 514 511 stra
558 436 838 538 posuit.
940 439 1254 511 Postero
1303 433 1426 509 die
1467 437 1567 506 M.
1604 430 1917 504 Masium
1955 449 2433 530 quaestorem
2470 434 2555 507 in

358 565 689 637 Arvacos
725 561 820 635 55)
871 581 947 635 et
980 562 1441 638 Cerindones
1481 557 1576 637 56)
1628 556 1869 648 misit,
1926 560 2021 632 ad
2058 558 2558 661 conscriben-

363 685 502 760 dos
536 712 624 759 ex
653 685 747 760 iis
783 687 1126 787 gentibus
1163 684 1465 774 milites,
1514 670 2113 784 frumentumque
2144 684 2324 757 inde
2348 685 2557 758 Gon·

360 810 680 885 trebiam
717 810 849 905 57),
926 836 1111 906 quae
1147 812 1500 887 Leucada
1548 809 2000 915 appellatur,
2038 812 2591 912 ,comportant

201 950 212 959 “
261 956 274 959 “
365 934 579 1026 dum,
648 954 949 1042 praeter
993 963 1216 1038 quam
1261 936 1523 1011 urbem
1566 936 2235 1035 opportunissimus
2276 959 2370 1011 ex
2408 943 2553 1029 Bp-

363 1046 675 1137 ronihus
710 1065 1065 1137 transitus
1100 1080 1296 1154 erat,
1335 1063 1431 1136 -in
1465 1086 1985 1163 quamcunque
2009 1064 2394 1163 regionem
2423 1062 2557 1138 du-

367 1210 540 1263 cere
604 1188 1002 1269 exercitum
1063 1188 1491 1265 statuissem
1571 1205 1648 1263 et
1721 1188 1800 1267 G.
1867 1188 2269 1282 ln'atelum,'
2330 1212 2560 1289 prae-

500 1409 695 1468 visum
726 1425 877 1471 erat.
954 1414 1199 1476 Aecum
1229 1414 1430 1470 Livius
1466 1410 1666 1481 dicat,
1699 1410 2037 1473 Sertorium
2067 1433 2136 1471 ex
2169 1413 2556 1471 Graccurita-

381 1494 394 1502 ‘
503 1492 723 1539 norum
753 1485 972 1540 finibus
1003 1484 1077 1539 ad
1094 1484 1433 1559 Calagurim
1460 1484 1726 1557 venisse,
1762 1494 1886 1539 tum
1916 1496 2100 1558 ponte
2131 1486 2292 1540 facto
2323 1502 2556 1538 amnem

549 1554 913 1627 ropinquum
946 1554 1084 1608 urbi
1120 1554 1300 1610 fuisse
1336 1564 1791 1628 transgressum,
1830 1553 1892 1607 id
1926 1566 2086 1611 certe
2125 1555 2413 1619 efficitur,
2452 1553 2560 1608 Ga-

498 1566 757 1694 fagurim
811 1626 1210 1696 cognomento
1250 1623 1516 1687 Nasicam
1576 1624 1731 1679 ultra
1784 1623 2059 1678 hiberum
2112 1624 2299 1678 fuisse
2358 1624 2556 1676 sitam.

505 1690 705 1779 Quare
735 1710 889 1765 quae
918 1694 1001 1747 cis
1027 1693 1243 1763 flumvi
1272 1703 1432 1758 erat,
1473 1693 1619 1767 quid
1646 1693 2039 1765 relinquitur,
2080 1691 2195 1748 nisi
2220 1705 2289 1747 ut
2311 1691 2559 1747 Fibula·

500 1762 717 1822 riensis
751 1772 809 1816 et
836 1771 1022 1829 esset,
1062 1770 1120 1817 et
1154 1762 1701 1837 cognominaretur.
1776 1764 2065 1822 Juvenat.

349 1874 360 1883 “
432 1880 529 1948 55)
565 1881 861 1943 Aruacos]
899 1856 1272 1945 &Bam-ane,
1309 1871 1484 1955 quam
1503 1882 2000 1957 Pliniuspppidis
2029 1880 2391 1955 hispalensis
2420 1898 2564 1936 con·

379 1952 388 1961 ‘
502 1960 715 2006 ventus
749 1949 1142 2005 adnumerat?
1194 1950 1326 2005 Non
1360 1970 1500 2006 sane
1536 1953 1787 2022 opinor:
1826 1955 1997 2019 hujus
2032 1956 2191 2004 enim
2222 1951 2565 2004 derivatum

504 2028 595 2073 est
623 2020 920 2083 Arcensis
944 2019 1006 2073 in
1037 2017 1236 2090 lapide
1273 2020 1434 2090 apud
1463 2020 1787 2074 Gruterum
1822 2037 1885 2091 p.
1910 2022 2042 2091 376.
2080 2021 2296 2079 ORDO
2336 2020 2562 2074 MUNI·

501 2088 684 2143 ClPlI
728 2087 1121 2143 ARVENSIS.
1194 2089 1563 2173 Quamquam
1609 2088 1757 2162 quid
1800 2087 1913 2143 hoc
1964 2107 2150 2154 curo,
2205 2084 2375 2161 quod
2411 2088 2561 2143 nihil

505 2155 641 2219 est?
690 2155 845 2233 Illud
889 2156 1070 2231 igitur
1114 2166 1342 2228 potiuS,
1396 2175 1500 2213 seu
1535 2158 1724 2212 dicam
1763 2175 1854 2210 mc
1889 2158 2062 2212 unice
2096 2168 2341 2225 movet,
2397 2155 2562 2231 quod

436 2278 445 2287 ,
501 2241 680 2281 nemo
727 2224 901 2280 facile
953 2225 1016 2279 in
1063 2226 1321 2282 animum
1370 2226 1703 2295 induxerit,
1750 2226 2084 2282 Sertorium
2116 2238 2236 2282 tam
2270 2225 2457 2300 longe
2489 2224 2562 2281 ad

505 2293 761 2348 militum
795 2293 1090 2349 delectum
1125 2298 1500 2369 quaestorem
1530 2310 1699 2351 sumn
1731 2294 1991 2369 misisse,
2042 2315 2181 2363 nec,
2222 2296 2271 2351 si
2306 2295 2428 2351 hoc
2456 2314 2565 2350 vo-

506 2363 748 2430 luisset,
788 2362 964 2419 alicui
995 2365 1220 2436 potius,
1258 2365 1362 2445 qui
1391 2381 1523 2421 cum
1555 2364 1849 2433 Hirtuleio
1878 2376 2076 2432 erant,
2118 2366 2178 2421 id
2205 2383 2282 2419 ne
2327 2362 2440 2420 otii
2465 2365 2566 2419 de-

510 2431 690 2487 disse.
755 2435 967 2505 Itaque
1013 2451 1134 2487 non
1178 2434 1416 2499 dubito,
1474 2434 1617 2508 quin
1650 2430 2060 2491 AREVAGOS
2093 2435 2266 2509 legen
2315 2454 2421 2489 um
2454 2435 2562 2500 sit,

510 2508 688 2576 quain
723 2500 911 2573 ipsam
942 2519 1152 2556 vocem
1182 2504 1262 2558 ab'
1292 2503 1689 2577 antiquario?
1717 2503 1814 2558 vel
1851 2503 2115 2577 quisquis
2158 2500 2435 2559 codicem
2468 2521 2565 2558 re-

511 2569 759 2637 censuit,
798 2589 921 2625 non
947 2570 1130 2626 fuisse
1158 2572 1545 2639 emendatam,
1586 2572 1683 2626 vix
1714 2571 2001 2638 adducor,
2039 2571 2148 2627 etsi
2174 2576 2336 2630 nulla
2364 2591 2567 2628 emcn-

506 2638 767 2697 daxionis
802 2638 1054 2713 vestigia
1090 2639 1445 2697 diuturnitas
1476 2640 1707 2717 reliqua
1738 2641 1902 2696 fecit.
1940 2642 2097 2695 Plin.
2130 2642 2247 2698 La.
2286 2663 2342 2700 c.
2373 2646 2433 2701 3.
2471 2640 2568 2699 Ad

522 2710 769 2783 Tagum
806 2709 1185 2780 Carpetani,
1229 2710 1431 2785 juxta
1468 2730 1575 2768 eos
1620 2713 1914 2777 Vaccaei,
1969 2710 2293 2784 Vettones,
2333 2722 2401 2769 et
2433 2710 2568 2768 Cel·
2670 2734 2671 2741 ¹

515 2777 712 2833 tiberi
743 2775 1043 2847 Arevaci5
1095 2789 1154 2833 et
1192 2780 1235 2834 1.
1268 2787 1323 2847 4.
1364 2798 1528 2836 c.2o.
1579 2783 1827 2837 Durius
1857 2783 2094 2849 amniS,
2146 2800 2226 2836 ea·
2254 2780 2570 2850 maximis

511 2845 882 2919 hispaniae,
936 2856 1114 2904 ortus
1144 2851 1212 2906 in
1242 2847 1751 2914 Pelendonibus,
1804 2859 1869 2913 et
1900 2847 2097 2922 juxta
2135 2852 2567 2907 Numantiam

514 2914 953 2987 lapsus,-dein
981 2932 1094 2991 per
1120 2920 1461 2986 ArevacoS,
1504 2919 1970 3009 Vaccaeosque,
2001 2929 2114 2974 etc.
2184 2920 2488 3003 juvenat-

447 3028 541 3100 ⁵6)
589 3034 987 3096 Cerindones]
1026 3037 1111 3090 Po
1156 3038 1288 3092 ulus
1324 3037 1436 3092 soli
1472 3037 1645 3093 Livio
1688 3038 2060 3108 nominatus3
2113 3047 2175 3093 et
2216 3047 2387 3092 certe
2426 3036 2576 3091 Are·

396 3120 422 3137 ‘⁶
516 3103 678 3158 vacis
706 3103 958 3159 vicinus.
1029 3106 1095 3158 In
1170 3114 1250 3161 oe‘
1275 3107 1392 3161 situ
1413 3108 1636 3162 Plinius
1667 3119 1954 3163 memorat
1979 3105 2352 3162 Pelendones
2374 3144 2395 3175 ,
2432 3122 2576 3178 par-
2668 3094 2669 3129 ³

515 3181 639 3226 tem
674 3191 911 3246 quoque
945 3173 1443 3256 Celtiberorums
1499 3179 1771 3250 Quatuor
1800 3177 2035 3253 populis
2072 3177 2435 3232 constabant
2463 3177 2573 3260 ξι·-
2668 3154 2669 3203 Ῑ

516 3239 809 3296 lendones
849 3242 951 3307 (V.
984 3243 1134 3299 Phn.
1166 3248 1218 3309 8,
1251 3247 1334 3312 3.)
1371 3264 1623 3327 quorum
1655 3264 1807 3300 unus
1837 3246 2117 3301 videntur
2142 3246 2325 3301 fuisse
2360 3248 2575 3302 Cerin-

521 3307 733 3364 dones.
786 3314 968 3368 Brot.
1039 3313 1418 3383 Cerindones
1450 3333 1510 3369 m
1533 3315 1907 3381 Pelendones
1937 3313 2281 3372 mutandum
2313 3334 2447 3371 esse
2476 3334 2575 3370 su·

522 3378 786 3452 spicatur
815 3381 1187 3439 Juvenatius.

443 3498 549 3570 57)
586 3499 1010 3562 Contrebiam]
1049 3497 1416 3559 Contrebiae
1461 3504 1636 3577 hujus
1678 3521 1965 3580 nusquam
2009 3506 2071 3561 in
2109 3504 2391 3561 veterum
2428 3504 2576 3560 scri-

520 3568 678 3639 ptis,
716 3579 1134 3643 praeterquam
1163 3573 1276 3627 hoc
1306 3591 1424 3628 uno
1444 3573 1594 3629 Livii
1623 3574 1791 3643 loco,
1833 3575 2055 3632 mentio
2084 3577 2170 3630 fit.
2242 3579 2334 3629 De
2366 3575 2574 3645 positu
2666 3624 2667 3639 ,

523 3637 574 3690 si
603 3647 951 3710 quaeratur,
990 3638 1216 3708 dicam,
1257 3641 1362 3699 sed
1389 3653 1456 3698 ut
1487 3643 1547 3697 in
1579 3660 1644 3698 re
1679 3645 1935 3701 obscura
1965 3643 2166 3704 timide
2197 3661 2265 3698 ac
2293 3642 2579 3700 diffiden-

521 3716 638 3760 ter.
707 3705 776 3759 ln
798 3707 1241 3766 Pelendonibus
1272 3712 1453 3783 igitur
1486 3711 1777 3787 arbitror,
1817 3726 1916 3770 aut
1950 3715 1997 3770 si
2025 3714 2230 3780 mavis,
2271 3712 2332 3766 in
2362 3715 2574 3769 horum

523 3785 586 3856 ft
617 3778 954 3829 Vasconum
989 3778 1228 3836 finibus.
1303 3782 1622 3860 Quaenim
1648 3785 2052 3855 opportunior
2079 3784 2356 3839 Sertorio
2385 3794 2578 3838 trans·

521 3853 742 3925 itus·ex
770 3846 1105 3903 Beronibus
1152 3851 1213 3903 in
1253 3866 1664 3924 quamcunque
1708 3855 2015 3928 regionem
2044 3853 2412 3927 cogitasset,
2468 3868 2575 3906 seu

522 3913 970 3981 Lusitanorum,
1012 3916 1133 3972 sive
1154 3921 1632 3989 Hedetanorum,
1671 3938 1777 3978 seu
1807 3923 2059 3996 denique
2087 3920 2576 3989 interjacentium

518 3979 932 4051 populorum?
986 3984 1131 4040 Nam
1172 3988 1245 4042 de
1273 3992 1464 4045 altera
1496 3990 1802 4046 citerioris
1831 4004 2039 4065 parte,
2095 4009 2245 4064 quae
2283 3990 2369 4044 cis
2406 3989 2574 4044 bibe·

521 4065 655 4129 rum
689 4060 793 4119 est,
834 4061 892 4105 et
963 4058 1229 4120 yrenaeis
1260 4059 1699 4133 praetenditur,
1742 4080 1814 4117 ne
1846 4063 2190 4135 cogitemus,
2232 4060 2394 4114 ratio
2425 4057 2575 4130 lpus

524 4132 590 4171 ¹¹¹
616 4116 814 4188 s³l¹⁰¹3
850 4121 926 4177 be
953 4122 995 4178 li
1030 4138 1248 4203 aperte,
1266 4126 1577 4203 prohibet.
1648 4134 1947 4208 Quorsum
1978 4128 2280 4188 hae'enim
2312 4146 2431 4206 quo
2456 4144 2576 4183 mn-
