2675 4642
3 319 6 348 ν

3 448 6 489 Ι

3 2871 6 2876 ’
74 2868 217 2929 tatis.
300 2869 465 2932 Sed·
492 2869 725 2953 paucis
773 2882 921 2931 ante
969 2869 1240 2945 diebus,
1307 2891 1497 2956 quam
1553 2870 1625 2931 in
1677 2865 2057 2954 potestatem
2125 2893 2134 2896 ·

410 254 415 265 ·
474 259 569 322 m
608 256 922 321 Locum
975 256 1140 318 Lm.
1178 254 1321 351 px.
1367 255 1599 323 mvn.
1707 324 1715 341 ,
1927 255 2059 322 '55
2159 236 2166 243 '

66 478 401 526 meatorum
439 465 870 529 multitudine
909 481 976 530 et
1009 469 1140 530 loci
1174 482 1402 530 natura
1437 487 1514 528 ac
1545 465 1910 529 munitione
1940 465 2050 528 ad·
2118 462 2186 521 U·

2207 482 2260 519 c.
2352 466 2410 523 3.

71 547 202 627 iuti,
239 562 732 630 perruperant,
780 570 855 610 ea
896 551 1335 612 machinarum
1378 550 1729 619 violentia,
1784 561 1854 610 ut
1893 550 2052 612 ass'e-
2110 535 2273 592 A.C.
2301 552 2394 605 ¹09·

3 645 4 712 ³
76 650 165 690 ἴθ’
194 630 426 725 Pedum
465 629 852 725 duodecim,
901 633 1144 715 ferreis
1182 630 1460 718 praefixi
1500 630 1905 715 cuspidibus,
1951 632 2053 692 in-

80 712 341 807 gentibus
390 710 673 772 balhstis
719 728 846 795 per
891 728 1170 799 quatuor
1213 714 1485 776 ordines
1530 713 1806 776 cratium
1841 728 2053 775 trans-

80 808 183 853 acti
208 795 267 853 in
300 808 561 854 terram
600 810 1049 876 penetrarent.
1134 797 1402 859 Interim
1437 798 1513 857 L.
1544 794 1886 867 Nasidius,
1930 797 2052 856 im-

76 875 358 958 prudente
404 876 751 950 Curione,
862 900 938 941 er
972 879 1263 941 Siculum
1306 877 1551 940 fretum
1592 898 1736 940 cum
1776 877 2052 940 navibus

71 957 510 1041 septemdecim
540 957 627 1039 ad
646 903 859 1021 Manil

64 1143 201 1204 gnae
223 1122 562 1184 fortunam
618 1137 898 1186 entaret.
955 1125 1041 1187 At
1061 1129 1328 1197 Brutus,
1375 1123 1455 1185 ad
1482 1125 1773 1210 priorem
1793 1124 1890 1185 cla
1947 1144 2052 1185 em

64 1203 269 1266 additis
318 1204 651 1277 navibus,
729 1228 892 1290 quas
934 1205 1018 1268 de
1051 1205 1558 1269 Mass'iliensibus
1600 1227 1813 1291 nuper
1852 1226 2050 1304 cepe-

67 1300 177 1357 rat,
226 1287 472 1348 iterum
524 1307 649 1348 eos
686 1286 1119 1383 -prossigavit,
1184 1288 1458 1351 navibus
1497 1288 1821 1351 demersis
1858 1309 2049 1374 qum-

72 1388 185 1449 que.
228 1383 516 1452 quatuor
558 1382 794 1452 captis.
855 1393 978 1432 una
1018 1391 1164 1433 eum
1197 1369 1569 1434 Nasidianis
1611 1371 1881 1433 navibus
1914 1370 2048 1431 dis-

72 1451 245 1518 cessit,
285 1470 485 1534 quae,
535 1452 649 1511 vix
690 1467 930 1534 coepto
967 1454 1344 1524 certamine,
1390 1450 1838 1535 profugerant.
1911 1456 2050 1515 Nec

69 1544 241 1592 tamen
273 1553 358 1593 eo
395 1533 629 1592 secius
664 1533 733 1592 in
764 1532 1173 1596 defensionis
1201 1545 1510 1629 suscepto
1533 1534 1877 1617 proposito
1901 1555 2056 1618 per-

74 1629 403 1676 severatum
440 1615 618 1675 fuit:
684 1634 1069 1701 quamquam
1098 1616 1367 1680 Caesari
1403 1635 1527 1697 jam
1557 1614 1910 1700 Hispanias
1949 1635 2057 1676 ac-

76 1695 275 1757 eeffiss'e
317 1695 495 1756 fama
540 1696 811 1758 tulerat.

862 961 1138 1023 iensium
1161 959 1486 1024 castellum
1508 962 1874 1023 Tauroenta
1899 980 2072 1044 per·-

66 1041 251 1101 venit:
291 1055 583 1124 auctorq
633 1060 674 1102 e
704 1041 832 1106 fuit
861 1043 1148 1118 civitati,
1193 1056 1265 1105 ut
1296 1040 1512 1104 denuo
1543 1041 1903 1104 maritimae
1979 1063 2054 1101 u·
2139 1098 2144 1109 ,

167 1803 455 1864 XXXIX.
524 1805 830 1885 Ingentia
873 1805 1440 1891 deinceps-opera
1483 1801 1804 1867 Trebonii
1847 1816 1918 1865 et
1954 1803 2053 1864 in·
2106 1799 2352 1883 Efffflyu

73 1901 233 1944 censa
267 1886 347 1945 ab
388 1883 734 1958 hostibus,
799 1901 867 1949 et
904 1910 936 1948 a
971 1890 1309 1951 Trebonio
1349 1887 1600 1951 refecta
1642 1897 1829 1947 sunt=
1892 1906 2054 1968 quo·
2082 1882 2303 1941 '‘⁰¹1⁹“-

73 1985 191 2029 rum
230 1967 553 2028 adnotare
597 1970 924 2030 rationem
968 1969 1135 2033 nihil
1178 1971 1449 2043 attinet,
1521 1987 1717 2052 quum
1756 1968 2058 2029 Caesaris

82 2049 493 2110 commentarii
545 2049 809 2124 vivant,
876 2051 1111 2135 quibus
1149 2067 1283 2115 tota
1326 2051 1439 2114 ista
1479 2049 1744 2114 obsidio
1777 2051 2096 2111 inimita-·

84 2126 188 2188 bili
218 2129 434 2192 nostris
481 2132 908 2213 temporibus
953 2134 1274 2216 elegantia
1308 2132 1735 2197 describitur.
1819 2129 1922 2192 Ad
1960 2130 2062 2191 ul-

78 2208 270 2271 timum
300 2212 617 2274 omnibus
661 2213 999 2298 defatigati
1029 2217 1248 2288 malis,
1308 2238 1451 2279 nam
1472 2257 1492 2288 ,
1535 2212 1618 2276 ad
1650 2211 2066 2276 incommoda

69 2289 242 2366 belli,
279 2315 312 2356 e
343 2296 537 2357 victu
581 2295 764 2359 venui
805 2310 871 2358 et
904 2311 1218 2381 corrupto
1245 2296 1539 2377 (hordeo
1574 2308 1642 2357 et
1673 2294 1911 2380 panico
1943 2314 2058 2357 ve-

68 2387 195 2435 tere
227 2376 614 2457 alebantur)
653 2376 1058 2461 pestilentiae
1095 2379 1332 2440 malum
1372 2379 1759 2453 access'erat,
1822 2378 2058 2438 Caesa-

68 2456 149 2516 ris
176 2454 324 2521 fidei
364 2479 442 2521 se
531 2459 952 2526 ermiserunt.
1034 2462 1398 2524 Fuerat'iis
1434 2463 1708 2530 Caesar,
1751 2478 1874 2521 nee
1912 2456 2057 2521 sine

67 2540 267 2613 cauffa,
308 2481 724 2604 iratifi'imus.
772 2542 997 2625 igitur,
1043 2557 1310 2627 praeter
1338 2543 1533 2607 vitam
1567 2557 1635 2606 et
1662 2540 2056 2616 libertatem,

68 2620 208 2682 nihil
234 2622 450 2685 ferme
483 2623 765 2707 reliquit
789 2625 1007 2686 victis.
1065 2644 1277 2697 arma,
1322 2646 1547 2698 naves,
1592 2624 1910 2709 pecuniae
1938 2619 2057 2684 sta-

71 2702 186 2774 tim,
226 2719 451 2769 cetera
484 2722 645 2766 mox
679 2705 976 2789 adempta
1013 2722 1186 2769 sunt.
1252 2704 1483 2770 Postea
1521 2720 1735 2769 tamen
1773 2703 2055 2767 subinde

74 2787 297 2849 remisit
335 2786 599 2870 aliquid
634 2787 812 2862 irae,
855 2788 1104 2849 nomini
1140 2810 1420 2873 parcens
1459 2802 1527 2852 et
1561 2785 1857 2852 vetustati
1891 2787 2057 2849 civi·

75 2949 346 3013 Caesaris
399 2950 680 3013 Maffilia
732 2951 1170 3027 concederet,
1231 2954 1310 3015 L.
1353 2952 1685 3035 Domitius
1735 2952 2059 3014 cum“una

3 3101 4 3106 η
74 3051 213 3093 nave
253 3033 679 3118 profugerat.

169 3154 301 3217 xL.
368 3156 501 3217 His
541 3154 742 3219 rebus
775 3158 865 3223 ita
905 3157 1137 3244 gestis,
1195 3161 1474 3234 Caesar,
1534 3157 1900 3243 praemiss'is
1937 3158 2053 3221 ali·
2116 3158 2376 3244 pic-taur

84 3250 211 3317 quot
240 3238 632 3322 legionibus
664 3239 728 3300 in
758 3243 1024 3314 Italiam,
1065 3241 1408 3327 proficisci
1439 3241 1522 3305 ad
1549 3240 1781 3302 urbem
1807 3237 2052 3303 statuit:
2079 3229 2306 3285 “m‘'-

85 3319 225 3398 quod
266 3341 347 3382 se
393 3318 785 3384 dictatorem
830 3324 963 3387 ess'e
1010 3325 1259 3393 dictum
1292 3324 1599 3391 Narbone
1634 3322 2056 3405 cognoverat:

78 3399 211 3460 Rem
252 3416 504 3465 tantam
544 3415 913 3487 temporum
956 3407 1529 3490 potiuslicentia,
1587 3402 1957 3489 quam-jure
1991 3418 2061 3468 et

3 3497 4 3566 ᾗ
78 3500 228 3545 nore
272 3484 797 3564 majorumsilff.
830 3489 1149 3552 Aemilius
1189 3488 1482 3572 Lepidus
1525 3500 1793 3584 praetor
1832 3484 2064 3569 perse-¹

3 4018 6 4070 Γ

78 3579 256 3639 cerat,
295 3567 360 3628 is
397 3568 518 3651 qui
548 3565 772 3650 postea
804 3586 949 3632 cum
980 3572 1266 3635 Antonio
1301 3587 1369 3634 et
1387 3570 1749 3634 Octavi-ano
1773 3570 2057 3631 Caesare

79 3646 534 3711 triumviratum
564 3648 828 3714 invasit.
913 3652 1072 3734 Falsa
1109 3656 1262 3715 credi
1293 3653 1606 3734 jactabat,
1649 3647 1757 3731 mjst'
1780 3670 1815 3709 a
1845 3649 2058 3732 confide

79 3729 371 3791 dictatorem
408 3731 528 3792 dici
568 3753 679 3793 non
721 3733 888 3815 poffi:
923 3738 1079 3795 ‘nam
1115 3755 1171 3796 et
1207 3735 1336 3795 olim
1377 3755 1410 3793 a
1444 3734 1668 3796 tribuno
1706 3731 1944 3795 militum
1976 3735 2053 3795 A.

85 3810 308 3873 Cornelio
336 3813 705 3875 Mamercum
725 3818 1019 3877 Aemilium
1050 3818 1261 3899 dictum
1290 3815 1392 3900 effi
1420 3818 1490 3877 de
1510 3815 1788 3899 sententia
1818 3815 2053 3899 collegii,

128 4022 256 4094 Gap.
280 4014 609 4080 xxxvn'l.
655 4026 799 4080 Dio.
875 4027 1022 4099 Cap.
1043 4022 1299 4082 xxxlx.
1338 4025 1506 4081 Flor.
1537 4027 1592 4092 4,
1626 4042 1678 4089 a.
1719 4024 1900 4085 Caes.¹
1924 4024 2049 4078 Cic.

3 4084 6 4146 Γ
82 4087 269 4160 PHLB,
296 4096 350 4150 6.
392 4095 562 4161 Flor,
601 4096 797 4151 Oros)
827 4095 968 4151 Dio.
1017 4096 1143 4157 Cic.
1196 4095 1438 4159 Strabo,
1470 4094 1593 4160 ln..
1622 4113 1683 4166 p.
1723 4095 1837 4151 181.
1879 4092 2049 4150 Caes,

3 4239 4 4254 η

3 4428 6 4455 l

3 4177 6 4224 ξι
85 4155 198 4233 Gap.
223 4164 336 4220 x1..
374 4165 636 4240 Appian.
680 4164 860 4224 Caes.
899 4166 1023 4222 Cic.
1044 4164 1137 4247 „ad
1163 4163 1284 4222 Att.
1316 4184 1375 4236 9,
1405 4165 1464 4261 ⁸!
1502 4162 1641 4229 Dio,
1677 4163 1803 4218 Liv.
1836 4166 1890 4229 4,
1920 4163 2013 4218 31.
