2675 4642
585 241 708 316 740
805 186 1206 319 maman.
1240 233 2066 307 SUPPLEMENTORUM
2089 240 2240 303 Lu..
2267 241 2392 341 οι,

252 432 390 487 (Le.
416 435 541 504 '73²-
589 443 996 518 cedentibus,
1039 443 1312 521 factioni
1352 460 1616 505 suorum
1649 441 1950 519 resistere
1991 466 2120 507 non
2141 449 2382 532 potuit,
2425 450 2553 510 fra-‘

251 504 321 559 Α·
343 503 412 561 c·
437 522 527 563 ²⁰·
590 541 753 588 trem
781 522 919 606 ejus
953 525 1271 587 minorem
1306 536 1459 587 natu
1493 525 1839 608 Tigranem
1879 525 1958 587 ad
2000 549 2271 610 regnum
2317 550 2548 593 vocan-

588 609 787 685 tium3
831 626 1022 691 quem
1046 647 1063 677 ‚
1105 606 1491 669 Alexandria
1521 619 1700 689 capta
1724 650 1741 680 ,
1788 608 2026 671 Caesar
2050 613 2319 672 Romam
2357 613 2551 674 addu-

492 714 496 719 ·
584 703 788 750 xerat.
872 689 1077 772 Igitur
1124 689 1358 760 Caesar
1397 688 1702 770 privigno
1753 708 1871 751 suo
1911 689 2306 753 'Pi-‘Neroni
2344 714 2543 776 nego-

584 772 741 834 tium
774 768 843 833 id
893 769 1234 848 permisit,
1280 768 1602 833 Archelao
1634 789 1892 853 quoque
1930 772 2216 845 monito,
2264 788 2337 835 ut
2376 773 2545 852 adju-

581 865 787 915 varet.
876 850 1028 922 Sed,
1074 851 1448 934 priusquam
1486 850 1555 911 hi
1584 853 1932 936 quidquam
1968 853 2377 927 molirentur,
2422 858 2542 916 Ar.

577 933 784 995 taxias
835 930 986 993 dolo
1038 933 1268 1014 propin
1320 953 1550 995 uorum
1587 934 1845 997 occisus
1900 931 2007 994 est.
2091 937 2405 998 Tiberius
2428 936 2544 997 ’Τί-

581 1016 767 1098 grani
808 1033 1070 1076 vacuam
1108 1015 1283 1109 poss'e
1341 1035 1556 1076 ionem
1601 1015 1790 1097 regni
1824 1013 2128 1088 tradidit,
2189 1017 2546 1079 diademate

586 1117 710 1181 pro
755 1093 1061 1158 tribunali
1109 1095 1440 1177 imposito.
1525 1097 2044 1178 supplicationes
2107 1098 2190 1161 ob
2232 1099 2399 1160 baec
2442 1099 2551 1160 de-

585 1191 803 1241 cretae
841 1196 991 1259 spes
1026 1176 1460 1243 adolescentis
1494 1175 1837 1251 inflarunt,
1907 1192 2062 1262 quas
2105 1200 2357 1262 nuper,
2409 1181 2554 1249 dum

581 1260 650 1320 in
680 1260 928 1340 Syriam
953 1258 1309 1320 exercitum
1346 1280 1464 1342 per
1485 1259 1925 1321 Macedoniam
1957 1259 2155 1329 ducit,
2187 1262 2362 1343 apud
2397 1263 2550 1322 Phi-

583 1342 803 1424 lippos
844 1354 1274 1423 conceperat3
1347 1361 1540 1423 quum
1584 1363 1729 1415 ara,
1789 1341 2101 1425 quondam
2143 1342 2220 1401 ab
2268 1344 2554 1404 Antonio

583 1420 964 1495 victricibus
1001 1422 1067 1482 in
1111 1420 1327 1484 castris
1360 1423 1613 1505 posita,
1658 1422 1956 1487 adolente
1987 1423 2268 1494 nemine,
2320 1424 2553 1486 subitis

553 1504 844 1586 ignibus
881 1504 1258 1565 colluinI'et.
1302 1506 1570 1586 Jamque
1599 1505 1939 1566 crescendi
1966 1504 2332 1566 facultatem
2364 1521 2432 1566 et
2460 1506 2551 1569 vi-

581 1586 785 1647 tricus
838 1584 1025 1646 dabat
1048 1629 1063 1657 ‚
1127 1585 1499 1668 legionibus
1563 1587 2055 1670 provinciisque
2116 1586 2545 1668 praeficiens,

583 1680 650 1729 et
677 1668 904 1729 relicta
932 1666 1056 1751 'per
1083 1667 1327 1750 aliquot
1356 1686 1556 1727 annos
1588 1668 1858 1729 orientis
1888 1688 2060 1728 cura.
2095 1687 2223 1751 quo
2257 1681 2548 1752 tempore

583 1761 649 1810 et
681 1749 999 1832 Tigranes
1020 1791 1038 1822 ,
1103 1749 1449 1811 Armeniae
1490 1769 1606 1809 rex
1628 1791 1644 1821 ‚
1674 1754 1758 1809 fet
1792 1748 1990 1809 liberi
2030 1747 2166 1828 ejus
2192 1792 2207 1820 ‚
2258 1771 2453 1832 quum
2487 1751 2548 1810 in

580 1844 1079 1914 regnumatque
1102 1830 1575 1892 matrimonium
1612 1830 1927 1915 Aegyptio
1958 1850 2139 1890 more
2177 1832 2414 1892 sociati
2455 1853 2547 1892 es-

582 1924 761 1985 sent,
821 1912 1227 1974 interierant.
1314 1915 1476 1983 'l'um
1518 1910 1678 1991 juss'u
1718 1910 1976 1996 Augusti
2017 1911 2331 1973 Tiberius
2371 1916 2545 1975 Arta-

555 1992 819 2057 ‘vasden
844 1993 1191 2077 imposuit:
1245 1993 1361 2055 sed
1383 1993 1528 2075 ipse
1559 2014 1814 2079 quoque
1851 1994 2064 2075 paullo
2094 1992 2231 2076 post
2269 1994 2547 2073 dejectus

181 2122 192 2141 .
267 2126 278 2153 s
582 2074 705 2150 est,
770 2096 902 2138 non
941 2076 1084 2160 sine
1120 2073 1303 2137 clade
1348 2077 1654 2138 Romana.
1743 2076 2045 2138 Ceterum
2076 2075 2239 2137 haec
2278 2075 2543 2162 postmo-

266 2156 270 2167 ’
581 2157 731 2220 dum
774 2157 1178 2228 adciderunt.

243 2269 428 2324 Indica
464 2267 540 2319 2¹·
700 2267 933 2328 xxV1.
980 2271 1145 2329 Tum
1187 2260 1359 2331 vero'
1383 2266 1697 2351 Augustus
1723 2311 1742 2344 ,
1805 2288 1885 2329 ex
1917 2269 2169 2331 oriente
2206 2288 2550 2341 reversus,

206 2339 555 2413 8⁶²²'0“d⁶'“⁶·
582 2349 1222 2412 iterum‘hibernavit
1268 2350 1463 2421 Sami,
1509 2350 2025 2434 libertatemque,
2064 2353 2252 2414 'velut
2280 2352 2348 2411 in
2395 2371 2557 2411 mer-

207 2425 402 2465 um*
582 2429 806 2493 cedem
847 2430 1153 2515 hospitii,
1216 2432 1448 2494 Samiis
1485 2431 1686 2493 dedit.
1771 2439 1906 2496 Nec
1944 2432 2035 2493 ibi
2080 2454 2202 2516 per
2253 2453 2459 2516 segne
2491 2451 2557 2491 o-

581 2514 742 2575 tium
776 2512 1137 2577 traductum
1174 2528 1427 2595 tempus
1470 2510 1578 2586 est,
1619 2513 1959 2581 multarum
1992 2514 2326 2575 nationum
2369 2534 2444 2574 re
2491 2534 2557 2572 u-

581 2595 666 2657 lis
714 2615 799 2657 eo
833 2593 1146 2678 legatisve
1194 2591 1692 2656 confluentibus.
1779 2599 1981 2656 Tanta
2036 2596 2207 2656 enim
2274 2534 2557 2674 majefias

585 2675 883 2738 Caesaris
922 2676 1079 2748 fuit,
1127 2691 1194 2738 ut
1231 2675 1499 2756 Scythae
1527 2719 1544 2748 ‚
1588 2678 2007 2740 Garamantes
2031 2719 2048 2749 ‚
2095 2692 2161 2739 et
2199 2674 2559 2746 Bactriani,

582 2769 880 2821 oratores
920 2755 1001 2818 de
1050 2756 1325 2820 foedere
1368 2758 1720 2820 mitterent.
1808 2759 1941 2823 Sed
1974 2779 2129 2841 prae
2178 2759 2428 2841 ceteris
2462 2761 2561 2818 ln-

587 2838 730 2900 dica
768 2839 1089 2902 celebrata
1134 2840 1373 2924 legatio
1423 2837 1550 2913 est,
1613 2862 1646 2902 a
1679 2838 2013 2902 Pandione
2056 2840 2233 2905 miss'a
2274 2854 2344 2901 et
2387 2841 2562 2900 Poro

585 2920 893 3003 regibus3
959 2941 1229 3005 quorum
1262 2920 1425 2983 alter
1454 2921 1692 3006 ‚utique
1785 2921 1920 2983 rius
1953 2922 2022 2982 in
2058 2937 2419 2982 extremum
2459 2941 2562 2980 us·

587 3022 715 3086 que
747 3003 1148 3066 occidentem
1170 3003 1492 3067 amicitiae
1515 3017 1711 3084 poten
1758 3024 1832 3065 ae
1858 3004 2060 3065 cauffa
2083 3003 2165 3063 ad
2187 2999 2561 3084 Augustum,

585 3084 656 3145 in
692 3085 1002 3169 Hispania
1044 3085 1577 3168 belligerantem,
1652 3086 2003 3168 legaverat.
2087 3085 2404 3146 Nicolaus
2439 3084 2566 3142 Da-

586 3186 962 3242 mascenus‚
1011 3167 1123 3251 qui
1162 3187 1234 3228 se
1268 3166 1390 3227 hos
1420 3165 1649 3228 vidiss'e
1688 3165 2385 3239 Antiochiae'scrihit‚
2431 3179 2563 3225 tres

583 3259 831 3310 tantum
863 3248 1227 3333 perveniss'e
1274 3261 1498 3331 auctor
1530 3245 1651 3320 est,
1714 3249 1956 3310 ceteris
1987 3248 2054 3308 in
2099 3249 2346 3308 itinere
2397 3265 2569 3306 mor-

582 3329 736 3391 tuis.
782 3330 1064 3414 plurium
1086 3330 1256 3392 enim
1289 3328 1533 3391 mentio
1568 3327 1761 3390 fiebat
1783 3329 1850 3389 in
1884 3326 2122 3399 literis,
2171 3350 2333 3413 quas
2363 3329 2565 3390 Grae-

588 3426 667 3474 co
694 3430 993 3474 sermone
1025 3412 1297 3493 scriptas
1324 3410 1683 3472 adtulerant
1706 3410 1969 3493 inhuno
2001 3432 2297 3472 sensum:
2340 3436 2383 3471 a
2408 3416 2565 3473 Poro

586 3494 813 3552 scribi.-
868 3495 1007 3566 qui,
1059 3495 1312 3551 tametsi
1346 3493 1598 3565 regibus
1632 3494 1932 3548 sexcentis
1968 3495 2260 3558 imperet,
2315 3490 2572 3562 plurimi

594 3564 941 3620 amicitiam
957 3562 1163 3635 faciat
1180 3564 1482 3623 caesaris,
1523 3564 1852 3617 transitum
1876 3561 2138 3618 daturus
2169 3562 2245 3626 εἰ,
2285 3579 2570 3630 quocum-

591 3650 701 3706 que
731 3638 986 3706 pergat,
1041 3638 1103 3688 et
1136 3628 1465 3704 adiuturus
1495 3633 1564 3687 ἰη
1613 3630 1882 3704 quolibet
1918 3628 2090 3705 justo
2122 3631 2406 3703 negotio.

660 3778 808 3847 Cap.
838 3777 1017 3830 XXV.
1071 3775 1321 3848 Eutrop.
1351 3776 1492 3831 Dio.
1545 3776 1760 3846 Supra,
1798 3776 1915 3842 133,
1948 3776 2036 3841 64.
2089 3775 2309 3830 Euseb.
2346 3779 2570 3835 Chron.

496 3846 500 3851 ’
590 3846 847 3912 Strabo,
882 3844 925 3898 l.
965 3863 1049 3914 ¹7·
1088 3862 1147 3916 p.
1176 3845 1300 3900 821.
1358 3844 1600 3915 Joseph.
1633 3844 1728 3910 25,
1759 3844 1817 3898 Ε.
1870 3843 2008 3899 Dio.
2065 3845 2204 3899 Tac.
2238 3845 2400 3901 Ann.
2432 3867 2493 3916 2,
2520 3849 2573 3902 3.

591 3916 759 3970 Suet.
801 3913 863 3966 in
896 3913 1032 3968 Tib.
1062 3931 1116 3982 9.
1170 3911 1307 3968 Dio.
1367 3915 1612 3969 Sueton.
1667 3911 1804 3964 Tib.
1846 3918 1928 3977 ¹4·
1983 3911 2123 3966 Dio.
2175 3915 2338 3968 Vell.
2378 3935 2441 3983 a,
2489 3920 2574 3985 94.

591 3982 740 4053 Gap.
767 3982 973 4035 XXVI.
1015 3982 1152 4035 Tac.
1192 3981 1348 4036 Vell.
1389 3984 1526 4037 Tac.
1566 3974 1705 4037 Dio.
1743 3980 1961 4035 Euseb.
1992 3980 2214 4036 Chron.
2252 3983 2406 4038 Dio.
2435 3983 2578 4038 Sue·

588 4061 724 4104 ton.
757 4050 905 4120 Aug.
940 4068 1024 4103 αι.
1063 4050 1228 4102 Flor.
1262 4055 1315 4118 4,
1345 4063 1423 4104 '12-
1467 4052 1691 4104 Auctor
1721 4045 1795 4104 de
1826 4048 1970 4107 virIs
1997 4048 2202 4106 illustr.
2243 4051 2505 4124 Eutrop-

592 4137 651 4189 7.
690 4120 865 4174 Oros.
891 4119 945 4187 6,
977 4134 1065 4174 υ.
1102 4118 1321 4177 Euseb.
1357 4116 1579 4178 chron.
1616 4116 1752 4176 Dio.
