2675 4642
420 244 423 255 s
523 235 650 316 440
705 226 1110 294 FREINSH.
1136 223 1976 318 SUPPLEMENTORUM
1999 224 2533 290 1.m.1.xxxlx.

174 432 250 491 U.
285 450 341 495 c,
369 430 531 505 710!
648 424 851 503 Xxn.
911 442 1049 503 Sed
1093 441 1215 503 alia
1259 461 1488 501 manus
1526 439 1622 501 ita
1653 439 2538 524 persequebaturBrutum,
2623 432 2630 437 ’

180 504 252 553 Α.
288 504 354 557 C.
388 509 478 569 ἀπ.

165 571 425 624 Lucilius
440 592 499 627 se

133 640 462 784 {affigat-

284 1882 294 1909 t

160 2050 377 2105 Brutus
404 2053 465 2108 in

129 2121 412 2173 tumulum

129 2189 457 2259 quemdam·-

123 2275 184 2311 ει
197 2258 416 2329 recipie.

132 3800 347 3853 Mitr‘tes
362 3801 483 3866 eius

109 3871 350 3940 avnplius
378 3886 476 3940 pu·

101 3956 260 4010 guare
272 3940 477 3995 nolunt.

527 535 597 585 ut
636 523 810 583 nulla
848 524 969 585 alia
1005 524 1247 607 praeda
1287 522 1541 601 objecta
1579 522 1821 584 diver-ti
1855 526 2214 606 pateretur.
2298 519 2372 582 ld
2415 519 2541 581 ubi

524 603 1044 667 animadversum
1072 606 1328 667 Lucilio
1352 604 1603 666 Lucino
1638 602 1747 677 est,
1789 605 1979 665 Bruti
2012 602 2315 665 servandi
2344 623 2542 665 caus-

523 707 594 748 sa
641 701 873 770 sponte
915 688 1172 750 incessit
1217 686 1508 759 tardiuS‚
1567 699 1639 748 ut
1679 686 2048 748 abar-baris
2088 686 2540 768 exciperetur.
2611 690 2644 717 ¹·

486 782 657 851 ,tum
699 768 934 831 adduci
978 770 1059 830 ad
1092 769 1447 832 Antonium
1492 788 1892 852 magnopere
1936 766 2377 840 contendens,
2449 787 2539 829 eo

522 871 785 934 quoque
821 851 1101 923 fefellit,
1151 865 1223 913 ut
1251 854 1496 912 Brutus
1533 851 1661 912 ess'e
1699 864 2042 935 putaretur
2064 893 2081 920 ,
2126 863 2192 911 et
2220 850 2539 933 implaca-

520 932 724 994 bilem
764 935 1098 996 inimicum
1137 934 1346 995 vitare
1383 935 1725 995 Caesarem
1755 935 1951 997 velle.
2037 934 2184 995 Hoc
2218 934 2539 994 nuncium
2591 984 2596 991 .

521 1015 876 1098 ancipitem
906 1016 1100 1077 animi
1125 1015 1479 1077 Antonium
1519 1014 1773 1086 habuit,
1821 1014 2361 1099 quemadmodum
2387 1030 2572 1079 tan-.

520 1113 626 1162 tae
647 1098 1044 1181 dignationis
1063 1098 1402 1180 famaeque
1432 1098 1643 1160 virum
1666 1098 1733 1159 in
1753 1096 1873 1160 hac
1890 1098 2152 1161 fortuna
2168 1099 2536 1181 reciperet.

498 1178 644 1245 'sed
680 1181 954 1264 propius
989 1179 1163 1242 facto
1195 1181 1513 1253 LuciliuS,
1563 1182 1671 1242 Dii
1703 1202 1834 1240 vero
1867 1178 2238 1262 prohibeffint,
2284 1180 2532 1265 inquit,

516 1283 587 1324 ut
621 1267 738 1343 capi
768 1266 987 1322 Brutus
1021 1265 1228 1342 queat!
1268 1282 1438 1344 neque
1478 1266 1641 1323 etiam
1674 1263 1954 1323 Fortunae
1989 1265 2048 1320 iu
2078 1265 2360 1324 Virtutem
2392 1264 2534 1323 lice-

516 1344 604 1407 bit·
629 1343 923 1426 quidlibet.
967 1365 1203 1407 ceterum
1236 1365 1329 1426 ego
1366 1345 1450 1402 his
1483 1343 1718 1422 deceptis
1750 1367 1814 1404 en
1837 1343 2048 1415 adsum,
2093 1342 2346 1421 passurus
2380 1344 2535 1424 quod

518 1426 622 1490 tibi
648 1424 977 1488 videbitur.·
1014 1426 1229 1521 Quum
1267 1423 1347 1487 ad
1379 1424 1538 1487 haec
1569 1423 2030 1512 obstupuiss'ent
2056 1426 2339 1511 equiteS,
2373 1447 2536 1490 con·

515 1529 753 1575 versus
792 1508 872 1569 ad
905 1509 1029 1571 hos
1061 1508 1423 1581 Antonine,
1471 1508 1607 1568 Non
1646 1509 1751 1587 est,
1800 1510 2035 1592 inquit,
2080 1529 2147 1567 ut
2183 1529 2342 1592 aegre
2358 1511 2535 1593 fira-

517 1597 595 1654 tis
622 1593 755 1652 hanc
774 1591 1058 1673 fraudem.
1117 1591 1285 1650 nihilo
1321 1593 1550 1651 minoris
1585 1591 1720 1650 hanc
1758 1593 2016 1671 praedam
2051 1589 2298 1668 aestimo:
2340 1592 2531 1670 pluris

512 1679 712 1748 immo,
760 1686 961 1750 quanto
994 1671 1229 1750 praestat
1265 1675 1456 1743 amici,
1503 1688 1660 1750 quam
1697 1672 1894 1748 hostis,
1927 1674 2147 1752 factum
2177 1670 2278 1750 effe
2311 1691 2532 1750 compo-

515 1775 646 1819 tem.
749 1758 835 1817 Et
876 1754 1203 1816 Lucilium
1250 1753 1517 1837 quidem
1566 1774 1830 1815 suorum
1873 1753 2127 1815 cuidam
2168 1754 2534 1816 curandum
2618 1756 2626 1767 '

515 1835 821 1900 tradidit:
884 1856 1098 1920 eoque
1151 1836 1430 1900 viciss'im
1486 1832 1620 1896 fido
1672 1834 1913 1898 deinde
1962 1849 2156 1921 atque
2197 1837 2535 1900 benevolo

513 1918 600 1984 ad
643 1920 855 1980 omnia
893 1939 1050 1980 usus
1094 1916 1201 1980 est.
2461 1912 2470 1935 ⁸
2525 1935 2535 1945 ·

642 2028 873 2088 xxm.
937 2028 1193 2088 Interea
1229 2030 1479 2091 Brutus
1527 2045 1669 2089 cum
1710 2047 1903 2087 manu
1940 2024 2109 2087 haud
2151 2020 2531 2122 spernenda

511 2109 586 2170 in
631 2098 947 2171 t'umulum
1000 2129 1070 2170 se
1123 2124 1504 2194 receperat,
1564 2106 1893 2172 beneficio
1930 2108 2145 2170 noctis
2180 2130 2249 2168 1n
2287 2106 2526 2185 castra,

512 2193 623 2255 vel
666 2191 745 2252 ad
784 2212 960 2254 mare
1002 2211 1338 2255 evasurust.
1429 2196 1529 2254 Eo
1579 2206 1878 2276 tempore
1935 2190 2408 2273 suspicientem
2460 2195 2539 2257 iu

511 2273 773 2336 coelum
807 2273 1039 2336 sudum
1073 2293 1147 2336 ac
1175 2271 1378 2336 stellis
1406 2274 1670 2358 fulgens
1700 2273 2077 2337 exclamass'e
2107 2273 2369 2336 tradunt
2390 2277 2541 2338 Eu-

510 2356 754 2441 ripidis
788 2376 988 2419 versu
1009 2400 1026 2430 ,
1073 2361 1158 2417 uti
1194 2378 1260 2417 ne
1281 2355 1521 2435 Jupiter
1554 2357 1794 2437 ‹ffugere
1832 2374 2117 2432 pateretur
2152 2357 2397 2416 inultum
2428 2359 2540 2417 ho-

508 2459 638 2496 rum
688 2439 955 2498 malorum
1001 2459 1296 2499 auctorem.
1385 2440 1768 2523 Designasse
1798 2437 2151 2499 Antonium
2188 2438 2534 2517 creditur,

511 2518 625 2602 qui
676 2529 812 2583 tum
866 2520 936 2581 in
983 2521 1180 2582 armis
1224 2540 1517 2605 pernox,
1592 2536 1680 2584 ex‘
1710 2519 2136 2583 cadaveribus
2176 2535 2243 2582 et
2283 2523 2533 2605 spoliis

506 2602 682 2664 vallo
723 2601 988 2677 effecto,
1035 2605 1252 2665 locum
1293 2603 1853 2670 circumdederat:
1897 2616 1964 2665 et
1993 2603 2252 2676 Caesar,
2298 2602 2533 2668 castris

510 2683 593 2744 ad
630 2685 907 2747 mediam
949 2706 1158 2770 usque
1198 2700 1460 2748 noctem
1503 2687 1823 2759 servatis,
1883 2684 2099 2745 morbi
2140 2685 2345 2747 cauffa
2388 2686 2536 2748 dis..
2620 2711 2626 2717 ²

513 2765 796 2840 cedens,
841 2768 1217 2831 Norbanum
1262 2768 1479 2831 eidem
1518 2767 1840 2833 custodiae
1873 2765 2310 2850 praefecerat.
2394 2771 2537 2832 Pe-

512 2851 799 2913 netravit
849 2846 1061 2911 tamen
1116 2870 1196 2912 eo
1246 2871 1370 2935 per
1417 2851 1666 2915 medias
1710 2848 2047 2920 statione3‚
2113 2848 2295 2930 cujus
2341 2865 2409 2912 et
2454 2853 2535 2914 in

515 2931 782 2995 Catonis
817 2945 1030 2994 morte
1067 2931 1349 2994 fecimus
1388 2934 1808 3002 mentionem,
1857 2928 2193 3009 Statilius}
2243 2932 2538 2996 sublata-

561 3035 667 3087 ue,
710 3028 784 3076 ut
812 3029 1244 3089 convenerat,
1288 3014 1456 3089 face,
1505 3016 1679 3077 salva
1711 3014 1874 3075 haec
1910 3014 2037 3075 ess'e
2067 3016 2276 3075 Bruto
2316 3016 2536 3100 signi-

563 3097 755 3158 cavit.
818 3097 935 3158 sed
974 3098 1088 3157 ubi
1127 3118 1250 3160 nec
1289 3098 1403 3159 ille
1440 3097 1679 3168 rediit,
1730 3095 2050 3164 dumahoe
2078 3109 2370 3171 conatur,
2421 3098 2534 3159 in-

506 3179 870 3256 terfectus;
918 3178 1000 3240 de
1040 3194 1253 3241 morte
1295 3179 1603 3243 sumenda
1632 3183 1877 3241 Brutus
1912 3178 2196 3260 agitans,
2246 3176 2386 3258 ejus
2417 3183 2532 3244 rei

507 3259 933 3324 ministerium
986 3283 1021 3322 a
1073 3282 1269 3323 servo
1321 3284 1479 3338 suo,
1539 3260 1780 3324 deinde
1830 3261 1908 3322 ab
1951 3260 2110 3319 armi
2162 3280 2314 3332 ero,
2376 3260 2529 3344 post

506 3343 638 3408 boc
675 3357 742 3407 et
774 3365 809 3403 a
835 3344 914 3405 P.
942 3344 1337 3417 Volumnio,
1404 3344 1513 3429 qui
1553 3364 1776 3406 rerum
1815 3343 2043 3404 barum
2077 3362 2114 3402 e
2166 3341 2290 3404 idit
2323 3341 2531 3407 histo-

466 3427 709 3498 triam,
757 3425 971 3510 petiit.
1060 3424 1225 3500 Sed,
1272 3425 1378 3488 his
1415 3426 1693 3510 aliisque
1736 3422 2313 3497 submonentibus,
2356 3431 2531 3506 prius

509 3510 801 3567 tentandos
834 3507 1199 3587 praesentium
1231 3512 1440 3568 animos
1473 3505 1609 3588 effe,
1658 3509 1802 3591 ipse
1838 3505 2104 3592 quidem
2139 3526 2334 3589 agere
2369 3527 2528 3572 cum

506 3589 611 3651 his
642 3590 887 3651 noluit:
934 3588 1218 3653 tribunis
1243 3590 1633 3676 legatisque,
1679 3591 1802 3671 jam
1835 3609 2135 3653 errorem
2163 3610 2349 3650 suum
2371 3610 2529 3655 cum

504 3670 764 3758 pudore
806 3670 1314 3756 agnoscentibus
1336 3715 1355 3745 ,
1402 3673 1740 3756 negotium
1774 3671 1979 3735 dedit.

1437 3766 1452 3789 s

629 3795 866 3862 XXIV.
925 3796 1013 3857 At
1048 3795 1294 3858 milites
1315 3839 1332 3868 ,
1439 3797 1612 3859 aullo
1643 3811 1792 3860 ante
1828 3811 1959 3859 tam
1994 3809 2061 3858 et
2092 3795 2162 3859 in
2201 3795 2520 3859 sumenda

505 3897 760 3963 pugna,
810 3892 877 3941 ct
910 3878 975 3939 in
1010 3879 1364 3962 pugnando
1430 3899 1698 3954 croces,
1742 3895 1879 3975 tum
1915 3879 1997 3940 ad
2032 3893 2387 3943 extremam
2415 3878 2526 3942 vi·-

579 4067 727 4141 Gap.
758 4067 941 4123 XXII.
991 4068 1146 4124 Plut.
1175 4080 1232 4125 et
1250 4069 1506 4142 Appian.
1580 4071 1727 4143 Gap.
1762 4070 1972 4126 XXIII.
2011 4070 2168 4128 Vell.
2184 4091 2238 4143 2,
2258 4090 2350 4142 70.
2385 4071 2515 4147 Ap·

503 4136 669 4214 pian.
714 4137 869 4195 Plut.
909 4148 969 4195 et
1002 4137 1261 4215 Appian.
1300 4139 1559 4217 Appian.
1594 4141 1751 4201 Plut.
1789 4138 2052 4214 Appian.
