2675 4642
38 952 41 1139 j
404 1028 991 1121 JOHANNIS
1087 1034 1863 1107 FRfflNsHEMn

185 1247 923 1307 SUPPLEMENTORUM
955 1231 1461 1308 LIVIANORUM'
1480 1253 1708 1307 LIBER
1734 1219 2075 1312 LXXXVII.

425 1445 536 1506 IN·
562 1441 867 1507 LOCUM
910 1441 1145 1502 LIBRI
1188 1439 1443 1504 CXXII.
1490 1444 1570 1505 T.
1609 1443 1844 1509 LIVII.

260 1701 309 1760 1.
351 1698 609 1762 Civiles
643 1698 1013 1762 discordiae
1046 1698 1241 1761 bellis
1277 1701 1567 1764 externis
1605 1722 1684 1764 eo
1723 1719 1981 1786 quoque
2008 1693 2128 1761 no:
2184 1705 2256 1762 U.
2290 1720 2401 1774 0³7
2474 1741 2526 1763 .ι

167 1782 316 1844 mine
358 1780 851 1866 pestilentiores
912 1784 1040 1845 ess'e
1102 1782 1721 1865 deprehenduntur,
1789 1782 1965 1867 quod
2019 1778 2133 1844 hic'
2188 1775 2473 1845 &Cui-⁹³·

164 1863 342 1926 hostes
383 1881 460 1926 et
500 1864 901 1946 alienigenas
937 1866 1199 1929 timeas,
1261 1878 1521 1937 tuorum
1565 1866 1694 1929 fide
1734 1887 1807 1928 ac
1838 1865 2128 1927 benevo-

157 1947 330 2009 lentia
363 1963 437 2010 te
477 1947 882 2023 consoleris3
939 1946 1031 2008 ibi
1073 1946 1275 2019 nihil,
1320 1968 1404 2008 ne
1488 1949 1705 2012 uidem
1731 1949 1822 2009 'ab
1857 1946 2128 2018 intimis,

154 2030 369 2091 nedum
411 2028 820 2112 quibuslibet
853 2029 1117 2101 amicis,
1161 2044 1367 2090 tutum
1404 1971 1514 2092 ea.
1598 2034 1675 2092 L.
1709 2031 1966 2112 Gellius
2000 2031 2130 2088 Po·-
2194 2034 2468 2106 Poplicola

158 2112 368 2196 plicola
411 2115 492 2172 L.
529 2113 604 2173 F.
639 2114 729 2171 Μ.
762 2111 1060 2173 Messalae
1102 2111 1344 2185 frater,
1402 2113 1515 2198 qui
1558 2114 1818 2196 antiqua
1860 2111 2133 2172 familia·
2160 2106 2335 2187 Bruto
2359 2106 2497 2161 1‘1‘52‘·

165 2196 322 2258 ritate
355 2198 574 2255 Bruto
613 2207 752 2255 erat
785 2192 1369 2269 conjunctissimus‚
1416 2209 1482 2256 et
1517 2192 1747 2257 eodem
1781 2192 1949 2277 apud
1983 2195 2135 2254 Cas·
2160 2175 2375 2228 ‘mmm

38 2340 39 2343 Ἴ
166 2277 296 2337 sium
336 2278 495 2338 loco
538 2274 804 2338 fratrem
849 2275 976 2337 effe
1017 2276 1305 2351 sciehat,
1365 2281 1454 2339 M.
1492 2281 1699 2339 Bruto
1745 2274 2130 2348 insidiatus,

38 2354 41 2411 ῗ
156 2373 234 2430 et,
293 2379 427 2442 pro
483 2371 704 2419 cetera
752 2357 883 2419 viri
935 2358 1309 2433 clementia,
1375 2359 1459 2421 ob
1499 2359 1725 2421 eadem
1762 2358 1911 2429 illa,
1968 2375 2135 2441 quae

38 2432 41 2481 ἶ
151 2458 845 2524 exasperarehpoenam
888 2438 1283 2512 debuerant,
1331 2442 1617 2505 dimissus
1654 2438 1763 2502 est.
1848 2442 1940 2500 Ea
1972 2459 2135 2523 quo-

149 2543 261 2606 que
295 2524 540 2587 lenitas
573 2522 887 2605 profuiss'e
921 2518 1068 2585 vire
1109 2523 1440 2600 creditur,
1499 2537 1571 2587 ut
1608 2525 1835 2608 plures
1877 2521 1956 2584 ad
1993 2521 2134 2601 ejus

144 2605 489 2668 amicitiam
529 2625 600 2666 se
641 2604 1063 2688 adplicarent.

252 2738 337 2798 11.
395 2735 657 2799 Idcirco
708 2749 775 2803 et
822 2740 1073 2802 claffem
1115 2737 1286 2801 haud
1322 2737 1779 2822 poenitendam
1817 2739 2137 2824 colligere
2193 2753 2495 2810 Brutina..

143 2817 208 2879 iu
242 2819 556 2900 Bithynia
588 2830 681 2881 'et
721 2822 888 2904 apud
923 2823 1223 2904 Cyzicum
1276 2823 1527 2905 potuit3
1591 2836 1657 2885 et
1699 2820 1982 2908 pedestri
2024 2823 2132 2884 iti-
2154 2837 2418 2897 paratus.

142 2921 309 2967 nere
350 2903 730 2985 provincias
782 2903 1012 2966 obiens
1053 2902 1379 2966 constituit
1421 2924 1531 2966 res
1568 2905 1937 2985 civitatum.
1998 2905 2134 2965 liti-

142 2981 392 3067 busque
441 2985 821 3068 regulorum
864 3007 1126 3070 operam
1169 2985 1419 3058 dedit..
1449 2998 1530 3048 ea*
1565 3001 1699 3048 tum
1738 2985 2136 3063 moderatio·

144 3059 222 3126 ne
261 3086 336 3126 ac
373 3067 904 3141 mansuetudine,
950 3084 1081 3130 tum
1123 3069 1315 3130 etiam
1351 3067 1707 3151 aequitate,
1752 3081 1826 3130 ut
1860 3081 1924 3129 et
1961 3068 2137 3129 inter
2252 3133 2267 3149 Ι

149 3167 214 3207 se
247 3168 517 3220 omnes,
565 3162 628 3210 et
674 3150 802 3211 sibi
841 3151 1082 3212 amicos
1121 3148 1420 3232 fidosque
1456 3147 1783 3211 efficeret.
1864 3153 2027 3209 Tum
2071 3162 2139 3211 et

146 3228 492 3308 Dejotarus
533 3230 799 3294 adceffit
831 3232 1154 3316 partibus,
1202 3231 1592 3313 licet-longa
1630 3245 1964 3295 senectute
2000 3251 2141 3291 mo-

145 3315 383 3387 rosior,
428 3312 541 3396 qui
573 3335 786 3398 nuper
819 3316 1007 3377 etiam
1035 3314 1305 3376 Caffium
1336 3312 1568 3374 auxilia
1597 3328 1924 3397 petentem
1955 3328 2141 3394 spre-

151 3409 353 3456 verat.
442 3399 659 3476 Atque
705 3411 842 3459 erat
883 3398 949 3457 in
992 3395 1120 3457 hoc
1169 3394 1659 3478 haudquaquam
1703 3398 1847 3459 leve
1888 3395 2140 3477 praesiss

145 3475 361 3548 (lium,
423 3477 660 3560 opibus
708 3493 771 3541 et
810 3478 1194 3540 auctoritate
1235 3478 1635 3559 praevalide.
1720 3483 1875 3540 Nam
1923 3489 1989 3537 et
2027 3475 2140 3536 ad-

150 3573 359 3642 empta
410 3580 624 3642 nuper
664 3581 700 3620 a
739 3562 810 3622 C.
846 3563 1163 3631 Caesare,
1221 3559 1421 3621 caede
1471 3559 1610 3639 ejus
1655 3559 1953 3643 cognita,
2020 3577 2137 3619 suo

145 3643 352 3701 Marte
380 3656 923 3723 recuperaverat:
971 3656 1036 3702 ct
1064 3642 1490 3712 Dolabellam,
1537 3640 1894 3712 finessuos‘
1917 3636 2143 3722 ingre-l

153 3721 215 3781 di
259 3725 624 3793 volentem,
685 3724 923 3802 junctis
958 3742 1102 3785 cum
1132 3723 1351 3784 Tullio
1384 3723 1649 3785 Cimbro
1687 3725 1934 3807 copiis,
1979 3743 2139 3805 pro-

149 3801 438 3884 fligarat:
492 3819 560 3867 et
604 3803 805 3868 fllium
844 3806 1152 3877 habebat,
1199 3806 1414 3888 ipsum
1459 3828 1718 3890 quoque
1758 3824 1982 3887 regem
2026 3804 2137 3865 a'd-

197 3887 453 3949 ellatum
492 3888 571 3949 ab
613 3902 874 3963 senatu,
921 3888 1227 3973 egregiae
1278 3888 1422 3973 spei
1469 3904 1661 3975 atque
1700 3885 1943 3950 in'dclis
1980 3886 2138 3950 ado·

181 3985 527 4039 escentem.
694 3992 699 4003 ’
1112 4012 1119 4021 .
1423 4010 1440 4015 -
1743 4008 1748 4015 »

207 4179 367 4249 Cap.
400 4152 463 4234 I.¹
488 4180 623 4237 le.
658 4181 815 4267 Epit.
855 4162 999 4250 Dic,¹
1025 4181 1069 4236 l.
1097 4182 1186 4255 47.
1252 4130 1405 4254 bap.
1436 4179 1514 4233 11.
1550 4177 1708 4239 Plut.
1735 4180 1946 4238 Bruto.
1993 4178 2134 4238 Dio·

38 4152 41 4199 Ι

38 4208 41 4257 ³
164 4244 287 4307 cic.
322 4250 461 4310 rhu.
495 4270 550 4322 α,
586 4253 676 4323 37.
727 4249 1165 4314 cic.ad13rut.
1202 4273 1253 4326 1,
1285 4253 1340 4312 ⁶.
1397 4247 1949 4336 010.r1111.23‚-1a.
1999 4297 2005 4304 ,
