2675 4642
437 224 525 288 IN
568 219 870 288 Locm!
913 224 1076 291 LIB.
1123 227 1468 294 cxxxtv.
1513 233 1744 299 mvn.
1971 231 2083 297 ⁶81

119 353 2074 388 mmm

117 433 476 516 gistratum
515 436 623 508 qwi
646 432 886 492 Romae
918 434 1177 511 degent,
1217 444 1489 499 coerceri
1517 445 1753 517 nequit.
1816 446 2100 502 convenit
2158 442 2226 499 U.
2254 460 2309 498 c.
2332 445 2451 511 723.

120 511 298 566 enim
325 512 712 588 praesentem
752 523 917 589 esse,
952 509 1247 633 guis-quis
1279 513 1484 584 regit,
1526 520 1626 575 ut,
1663 533 1825 589 quae
1854 524 2096 578 tempus
2158 513 2227 569 Δ.
2248 515 2314 571 G.
2337 532 2422 590 29.

119 578 441 652 postulet,
491 582 864 647 praecipiat.
1010 577 1254 632 mnibus
1290 588 1501 635 autern
1532 581 1664 649 his,
1729 601 1879 655 quos
1915 592 2097 639 extra
2166 627 2177 634 ,

118 645 349 701 urbem
381 643 740 716 praeficies,
782 644 1125 702 mercedem
1164 650 1503 704 constitues
1533 669 1646 722 pro
1678 650 1861 706 modo
1892 652 2098 723 digni-

115 717 307 772 tatis.
399 714 523 767 Nec
569 712 731 767 enim
784 709 1011 785 degere
1057 729 1351 789 peregre‘
1369 736 1451 772 ex
1498 720 1628 773 suis
1667 719 2101 791 saczaltatibus

123 788 460 851 poterunt.-
497 798 609 836 nec
632 780 919 847 infinitos
941 782 1076 840 illis
1099 783 1356 841 concedi
1383 794 1668 861 sumptus
1693 806 1726 843 e
1744 791 2097 858 provinciis,

122 859 200 908 ut
230 870 398 907 nunc
416 848 540 915 fit,
579 865 850 924 aequum
882 858 996 908 est.

250 957 486 1026 XLIV·
528 971 765 1054 Earum
804 973 1202 1031 curationum
1235 974 1422 1031 nulla
1467 971 1562 1029 vel
1601 974 1845 1033 breuior
1876 977 1962 1034 fit
1989 976 2099 1032 tri·
2156 1002 2433 1070 Qumis„-

121 1042 350 1106 ennio,
403 1040 500 1097 vel
545 1040 959 1113 qumquennio
1004 1043 1275 1116 longior.
1331 1046 1439 1117 qui
1471 1043 1660 1100 citius
1691 1053 2098 1110 removentur,
2124 1073 2465 1125 gamunan

121 1116 238 1169 vix
287 1110 613 1167 addiscere
654 1118 865 1191 partes
912 1104 1110 1183 officii
1143 1110 1245 1166 sui
1282 1118 1573 1186 possunt.-
1629 1121 1691 1169 et
1722 1131 2102 1170 successores
2122 1142 2460 1194 amnium,

114 1181 330 1257 ⁸ferme
360 1178 642 1249 priorum
670 1179 968 1235 instituta
1006 1188 1423 1248 commutant,
1473 1183 1751 1239 consilia'
1783 1185 2100 1249 nesciunt,
2123 1212 2287 1263 ηοω,
2322 1210 2408 1263 δ’,

126 1267 339 1306 mores
377 1266 449 1303 ac
483 1247 806 1319 ingenium
835 1244 1157 1305 bominum
1200 1258 1386 1322 atque
1420 1252 1746 1318 regionum
1782 1254 2098 1324 ignorant.
2128 1280 2284 1334 lnam

123 1319 214 1376 ,At
251 1316 656 1380 diuturniora
687 1316 953 1388 imperia
987 1316 1343 1387 superbiam
1376 1319 1595 1375 multis
1624 1320 2017 1392 ingenerant.
2043 1326 2106 1375 et
2139 1375 2143 1380 ,
2290 1314 2307 1332 ”

129 1386 615 1457 impatientiam
647 1386 833 1457 aequi
862 1383 1016 1442 loci.-
1052 1393 1115 1442 et
1143 1385 1403 1456 quidam
1432 1386 1576 1448 hinc
1600 1386 1933 1460 plusquam
1959 1388 2102 1456 civi·

127 1454 228 1512 tia
263 1454 553 1528 cogitare
586 1449 961 1509 didicerunt.
1026 1456 1190 1511 Unde
1222 1474 1415 1526 neque
1448 1453 1690 1528 majora
1721 1456 1987 1523 imperia
2019 1458 2104 1511 ei-

129 1523 275 1579 dem
301 1521 604 1578 continua
637 1519 761 1577 duo
790 1523 1212 1595 permittenda
1244 1542 1372 1581 esse
1404 1543 1704 1589 censeam,
1744 1527 1992 1582 etiamsi
2012 1524 2106 1580 di-

130 1593 323 1646 versis
364 1591 431 1644 in
471 1590 807 1660 prouinciis
834 1591 990 1657 fiat.
1043 1600 1329 1659 praestat
1361 1595 1527 1648 enim
1565 1602 1807 1665 tempus
1845 1591 2105 1664 aliquod

124 1656 480 1732 interponi,
574 1675 653 1714 uo
695 1660 955 1716 reversis
995 1661 1062 1716 in
1095 1661 1304 1716 urbem
1345 1660 1668 1718 detumeat
1703 1663 1983 1727 animus,
2042 1668 2106 1716 et

130 1728 299 1784 inter
333 1745 406 1782 ae
449 1744 532 1780 ua
564 1744 627 1782 es
661 1727 960 1785 versando
991 1729 1117 1786 loci
1143 1730 1244 1786 sui
1277 1731 1757 1788 admoneantur.
1826 1732 1996 1787 Haec
2026 1728 2104 1785 de

132 1797 418 1853 senatori
465 1813 535 1850 us
577 1794 1015 1854 animaduersa
1049 1797 1209 1855 mihi
1236 1808 1404 1856 sunt.

250 1901 453 1970 XLV·
499 1916 903 1990 ,Ex-*equestri
922 1915 1314 1983 ordinesduos
1348 1917 1465 1974 tibi
1499 1919 1659 1976 viros
1687 1925 1971 1976 strenuos
2003 1913 2105 1971 de·
2163 1925 2241 1990 D}
2259 1934 2469 2002 μαψ..

132 1986 322 2060 liges,
352 1986 684 2056 praetoriis
715 1983 1071 2042 cohortibus
1101 1987 1578 2060 praeficiendos.
1641 1991 1802 2044 Nam
1831 1987 1941 2041 uni
1967 1992 2103 2040 tan·
2126 2008 2232 2058 αἱ,
2256 2015 2467 2076 prauo,

129 2063 263 2111 eum
312 2060 704 2111 armatorum
746 2056 1132 2112 committere
1165 2056 1445 2128 periculo
1479 2076 1601 2112 non
1630 2061 1852 2111 vacat.-
1904 2053 2104 2124 pluri-
2129 2077 2338 2127 ,qnam
2368 2090 2443 2123 c„

133 2123 266 2188 bus,
304 2123 393 2179 im
439 2129 728 2180 ortunum
761 2130 940 2191 ess’t,
982 2131 1045 2179 et
1075 2125 1414 2181 obnoxium
1449 2128 1653 2180 rimae.
1722 2124 1868 2178 Duo
1897 2123 2103 2194 igitur
2127 2144 2379 2197 Romam,

134 2200 349 2255 sunto,
475 2208 548 2246 nc
583 2192 777 2247 etiam
813 2165 887 2248 ub
926 2191 1304 2257 utilitatem,
1347 2200 1437 2257 ut,
1474 2196 1529 2250 si
1560 2194 1726 2249 alter
1745 2190 1918 2263 forte
1943 2207 2102 2244 mor-

135 2260 211 2318 bo
245 2259 650 2327 adtineatur‚
688 2278 811 2316 non
843 2258 1007 2317 desit
1039 2269 1249 2320 tamen
1281 2261 1542 2317 idoneus
1578 2260 1851 2335 cprporis
1881 2259 1976 2320 tui
2004 2276 2107 2314 cu-

129 2338 279 2386 stos.
345 2329 489 2385 Sint
526 2336 738 2384 autem
767 2327 1112 2385 multorum
1148 2327 1600 2401 stipendiorum
1623 2369 1639 2396 ‚
1682 2338 1750 2385 at
1795 2348 1869 2384 ue
1897 2344 2104 2381 rerum

137 2401 332 2454 etiam
365 2397 643 2453 aliarum
675 2398 1106 2454 curationibus
1143 2400 1427 2454 exerciti.
1510 2401 1621 2454 His
1658 2406 1721 2454 et
1802 2395 2108 2452 raetoria-

133 2468 202 2522 ni
231 2474 503 2535 pareant
524 2501 540 2531 ‚
597 2473 659 2520 et
692 2464 999 2540 quidquid
1030 2474 1358 2540 praeterea
1393 2467 1674 2523 militum
1708 2485 1818 2535 per
1846 2463 2111 2520 Italiam

136 2537 290 2603 erit‚·
326 2533 780 2605 suppliciorum
818 2537 1014 2591 etiam
1040 2533 1187 2607 jure
1219 2538 1538 2606 permisso,
1575 2546 2012 2608 praeterquam
2043 2533 2111 2588 in

140 2605 552 2659 centuriones.
632 2602 721 2660 Ab
757 2621 969 2659 eorum
1006 2606 1198 2660 etiam
1226 2610 1536 2676 potestate
1560 2605 1898 2667 eximetur,
1937 2598 2113 2670 quid-

180 2671 286 2729 uid
321 2670 596 2727 militum
626 2673 955 2728 senatoriis
977 2673 1465 2747 magistratibus
1493 2674 1798 2729 tributum
1816 2677 1942 2726 est:
1981 2671 2112 2743 qui·

138 2690 251 2800 bus
282 2742 348 2795 in
378 2759 522 2795 suos
551 2740 815 2797 liberum
831 2760 1171 2813 poenarum
1199 2743 1742 2815 praemiorumque
1775 2740 2111 2798 arbitrium

137 2809 526 2869 concesseris.
612 2810 687 2865 In
717 2816 954 2865 ceteros
988 2810 1195 2883 igitur
1225 2809 1468 2866 milites
1501 2809 1963 2882 praefectorum
1996 2812 2111 2865 im-

129 2881 375 2955 perium
424 2878 577 2946 erit‚·
628 2885 813 2950 atque
862 2879 1056 2934 etiam
1102 2882 1169 2933 in
1211 2888 1648 2950 procuratores
1695 2886 1871 2944 tuos,
1926 2886 2113 2947 atque

133 2948 299 3005 alios
346 2944 566 3018 paullo
612 2945 1020 3002 honestiore&
1115 2946 1396 3003 Vicarios
1444 2946 1545 3003 his
1594 2945 1748 3001 addi
1794 2963 2111 3001 necessum

131 3019 280 3078 erit,
320 3033 398 3070 ne
432 3014 597 3071 mole
624 3016 1023 3088 negotiorum
1053 3023 1574 3089 praegraventur.
1628 3012 2111 3085 Praefecturam

136 3091 351 3141 autem
386 3081 574 3140 illam
607 3092 981 3169 perpetuam
1018 3101 1148 3139 esse
1185 3083 1520 3155 oportebit.
1602 3086 1727 3140 Nec
1773 3082 1937 3138 enim
1976 3091 2111 3139 tan·

130 3156 219 3211 tis
254 3172 289 3208 o
334 3151 476 3206 ibus
511 3171 839 3226 quisquam
874 3150 1011 3227 ejus
1045 3152 1171 3208 loci
1207 3170 1335 3208 esse
1365 3154 1631 3224 poterit,
1688 3157 1760 3205 ut
1801 3152 1968 3206 inter
2017 3157 2111 3206 tot

130 3221 282 3279 nobi
313 3238 376 3274 es
409 3222 745 3292 imperium
775 3228 1018 3294 speret.-
1073 3230 1178 3296 et,
1228 3222 1379 3295 quia
1416 3230 1720 3293 perpetuo
1758 3218 1866 3275 sub
1906 3218 2110 3276 oculis

135 3293 266 3348 tuis
303 3309 341 3345 a
394 3297 489 3352 et,
542 3309 619 3348 ne
660 3292 944 3363 cogitare
979 3289 1227 3361 quidem
1265 3289 1515 3363 aliquid
1552 3289 1685 3346 tale
1722 3296 1861 3344 tuto
1895 3293 2109 3360 queat.

133 3362 233 3416 Ex
257 3375 328 3415 eo
379 3378 474 3414 em
501 3358 720 3416 ordine
743 3357 1319 3432 splendidissimum
1347 3366 1488 3431 post
1504 3361 1742 3429 priores
1765 3356 1924 3413 duos
1945 3355 2114 3427 equi-

135 3437 298 3494 tem,
349 3425 739 3498 praefectum
786 3428 1055 3501 vigilum
1103 3429 1479 3496 constitues,·
1533 3430 1593 3483 ei
1640 3426 1865 3483 deinde
1941 3424 2114 3480 roxi-

132 3516 339 3564 mum,
398 3514 709 3556 annonae.
777 3503 965 3566 atque
1015 3495 1139 3553 hae
1196 3499 1555 3553 curationes
1599 3495 1826 3552 iisdem
1927 3494 2112 3552 nibus

131 3572 521 3635 temporum,
557 3565 782 3638 quibus
817 3567 1213 3635 senatoriae,
1251 3565 1733 3622 cohibebantur.

257 3677 489 3738 XLVI.
548 3689 802 3747 Aer-arii
848 3707 1093 3763 quoque
1125 3686 1399 3760 fiscique
1438 3686 1791 3763 praefectos
1831 3692 2113 3757 equester
2172 3690 2254 3743 De
2282 3692 2501 3750 aerarii,

138 3757 294 3815 ordo
329 3758 455 3813 tibi
483 3754 696 3827 dabit3
791 3763 858 3817 ui
887 3763 982 3817 rei
1011 3757 1426 3829 pecuniariae
1459 3759 1528 3821 in
1560 3756 1711 3811 urbe
1746 3762 1809 3810 et
1838 3772 1949 3824 per
1978 3754 2108 3810 Ita·
2135 3760 2480 3831 etfiscipraa.

137 3825 293 3883 liam
327 3827 629 3897 praesint.
765 3830 820 3885 is
851 3829 1048 3885 etiam
1083 3845 1433 3901 congruum
1453 3824 1782 3898 functioni
1813 3819 2111 3905 cujusque
2129 3828 2315 3898 sectis.

136 3894 522 3968 stipendium
559 3901 884 3954 numerari
925 3897 1264 3954 conveniet.
1346 3894 1551 3964 Ouum
1596 3893 1759 3948 enim
1794 3909 2005 3973 minor·
2026 3891 2112 3973 sit

135 3959 237 4018 his
270 3966 587 4023 senatorio
619 3985 864 4035 census,
904 3985 981 4023 ne
1009 3968 1076 4022 in
1111 3963 1261 4020 urbe
1294 3962 1544 4036 quidem
1578 3960 1874 4033 publicae
1910 3958 2112 4015 alicui

123 4029 453 4103 fitnctioni
480 4052 700 4090 vacare
718 4035 1165 4106 familiaribus
1194 4033 1491 4104 impensis
1518 4035 1828 4101 poterunt.
1899 4030 2109 4099 Neque

137 4099 251 4162 lios
268 4101 494 4176 facere
520 4112 807 4180 sumptus
842 4112 901 4161 te
927 4106 1169 4181 pigeat.
1240 4101 1406 4164 alias
1441 4102 1604 4160 enim
1637 4095 1869 4160 eisdem
1906 4103 1968 4155 et
2003 4112 2108 4155 ear-

2036 4383 2059 4394 a
