2675 4642
369 714 373 721 ’
361 461 437 623 ἨΞ

460 480 532 603 με»

389 1904 604 1960 Mitem

696 249 780 315 50
862 232 1282 314 'muman
1308 231 2154 312 sur'rmmenronum
2175 247 2609 313 Lm.1,xxv.

642 500 658 517 .
700 456 1192 528 excelsissimus,
1235 453 1544 537 occupari
1570 453 1764 535 juss'it,
1812 453 2008 519 castra
2033 455 2129 516 ibi
2158 460 2510 539 positurus.
2558 458 2633 519 Se

664 540 968 625 „caetrati
1019 539 1100 601 ab
1149 536 1440 620 equitatu
1482 537 1781 598 Caesaris
1824 536 1904 597 ad
1946 558 2141 597 unum
2179 560 2403 601 omnes
2438 537 2633 601 interf

699 625 980 687 ciuntur.
1064 622 1213 681 Hoc
1252 617 1429 680 facto
1468 619 1798 700 pugnandi
1841 620 2195 702 cupiditate
2237 622 2535 686 Caesaris
2575 640 2633 682 c(

697 706 847 791 piae
873 702 1332 772 accenduntur,
1366 700 1690 783 proelium
1739 721 1819 762 ue
1842 698 2186 785 postulant:
2234 703 2290 764 si
2316 703 2477 765 haec
2498 724 2633 786 pra«

634 780 659 841 ἶ
697 788 1097 850 termittatur
1135 782 1433 853 occasio,
1493 802 1567 845 se
1616 802 1699 864 po
1757 803 1864 858 ea,
1930 802 2126 865 quum
2168 786 2405 846 Caesar
2444 785 2633 845 vellet

698 890 831 931 non
870 869 999 932 ess'e
1035 865 1824 949 pugnaturos-minantur,
1909 867 2147 927 Caesar
2182 879 2427 941 tamen,-
2475 888 2633 948 nequ

701 972 858 1015 suos
908 948 1199 1028 objicere
1248 945 1632 1008 vulneribus
1685 960 1752 1009 et
1801 946 2102 1030 periculo
2143 949 2411 1021 volens,
2475 968 2633 1029 nequ

701 1035 883 1096 cives
916 1030 1246 1102 occidere,
1291 1027 1528 1111 quibus
1562 1027 1972 1089 clementiam
2009 1049 2186 1090 suam
2222 1022 2519 1092 omnibus
2552 1049 2633 1089 m(

699 1116 809 1178 dis
857 1113 1224 1198 approbare
1274 1108 1606 1182 studebat,
1668 1110 1988 1185 abstinuit·
2035 1112 2331 1193 predic,
2400 1113 2633 1174 futurm

698 1217 1008 1283 sperans,
1054 1208 1124 1257 ut
1166 1194 1308 1257 sine
1344 1212 1560 1275 pugna
1592 1192 1835 1255 bellum
1870 1190 2229 1257 conficeret
2251 1236 2270 1267 ,
2314 1194 2490 1278 quod
2527 1206 2590 1255 et
2620 1213 2633 1252 ε

748 1302 827 1341 ua
869 1292 936 1343 et
969 1298 1043 1338 re
1081 1267 1507 1338 frumentaria
1542 1273 1755 1337 hostes
1788 1275 2270 1339 intercluserat.
2338 1276 2546 1358 Igitur
2589 1294 2633 1336 c:

700 1301 821 1425 stra
860 1380 1045 1448 quam
1079 1352 1376 1441 proxime
1412 1353 1651 1418 bostem
1682 1356 1937 1440 posuitz
1982 1370 2070 1434 et,
2114 1356 2449 1442 postridie,
2542 1377 2633 1419 uu]

699 1442 1081 1528 Pompeiani
1115 1440 1501 1521 frequentes
1542 1452 1837 1522 aquatum
1874 1438 2254 1513 exivissem,
2311 1440 2491 1503 immi
2547 1459 2584 1500 o
2619 1459 2633 1498 ι

749 1529 986 1599 uitatu,
1032 1520 1197 1584 nihil
1234 1523 1335 1583 eis
1367 1533 1575 1581 tutum
1606 1534 1715 1581 aut
1738 1521 2153 1603 tranquillum
2186 1523 2313 1585 ess'e
2387 1523 2551 1584 afl'us
2580 1520 2633 1581 el

697 1549 796 1672 {a
845 1629 920 1670 re
974 1604 1272 1688 cognita,
1334 1601 1650 1667 'Afranius
1699 1614 1893 1687 atque
1942 1605 2245 1684 Petrejus
2305 1606 2323 1665 i
2429 1603 2633 1665 consil

699 1691 1000 1775 capiunt,
1052 1701 1160 1759 ut,
1206 1707 1240 1746 a
1279 1684 1448 1747 vallo
1488 1683 1569 1743 ad
1607 1703 1835 1773 aquam
1878 1684 2166 1749 brachiis
2203 1686 2454 1760 ductis,
2502 1706 2633 1768 aqua

694 1775 945 1838 tionem
989 1766 1360 1854 expediant.

819 1879 1084 1940 xxvn.
1120 1873 1357 1955 ‘Hujus
1404 1873 1630 1958 operis
1673 1873 1881 1935 causs'a
1932 1893 2129 1955 quum
2171 1875 2432 1960 longius
2477 1874 2633 1971 paul]

332 1973 645 2049 Pompeiam·
688 1958 1123 2023 “disceffiss'ent
1143 2001 1160 2030 ‚
1217 1956 1492 2018 liberam
1517 1951 1939 2040 colloquendi
1969 1953 2338 2020 facultatem
2373 1976 2546 2020 nacti
2576 1979 2630 2015 m

336 2045 401 2098 de
432 2058 652 2121 pomp·
697 2045 850 2106 lites
905 2043 987 2105 de
1041 2061 1200 2125 pace
1251 2059 1448 2122 agere
1501 2038 1856 2121 incipiunt:
1918 2038 2382 2135 paullatimque
2424 2061 2506 2102 eo
2543 2059 2633 2122 pr«

226 2178 229 2185 ι
323 2115 491 2185 'gune-

393 3006 636 3077 Petreius

338 3096 456 3134 cam
472 3080 676 3133 turbae.

698 2125 1110 2209 grediuntur‚
1158 2135 1251 2194 ut,
1296 2120 1806 2187 incolumitatem
1846 2117 2121 2180 ducibus
2167 2136 2360 2205 pacti,
2401 2143 2526 2206 per
2558 2142 2633 2204 pr

696 2228 916 2271 mores
954 2204 1409 2268 centurionum
1440 2201 1704 2264 Caesari
1743 2200 2248 2285 pollicerentur,
2285 2225 2353 2265 se
2396 2205 2581 2288 signa
2617 2222 2633 2263 ε

698 2312 848 2354 eum
897 2288 1326 2351 translaturos
1385 2285 1532 2349 ess'e.
1617 2284 1830 2365 Quum
1868 2281 1994 2362 jam
2039 2286 2321 2346 omniurn
2362 2288 2630 2349 volunta¹

696 2395 820 2459 pro
865 2370 1162 2434 confecta
1200 2389 1322 2450 pax
1354 2365 1744 2437 haberetur,
1801 2378 2115 2449 tamquam
2163 2390 2282 2429 una
2320 2390 2399 2430 ex
2441 2368 2631 2430 daobn

699 2453 897 2518 castra
935 2452 1102 2514 facta
1139 2450 1382 2521 ess'ent,
1441 2447 1749 2532 permixti
1788 2447 2069 2520 milites,
2116 2464 2185 2510 ut
2225 2452 2504 2535 quisque
2541 2471 2631 2511 su(

697 2537 768 2598 in
801 2534 1081 2598 tentoria
1117 2530 1536 2603 abduxerant,
1582 2544 1690 2590 aut
1722 2532 1978 2612 sequuti
2013 2530 2292 2606 fuerant,
2338 2535 2536 2593 multa
2566 2534 2631 2590 la«

699 2619 842 2682 titia
890 2631 957 2679 et
1006 2614 1442 2699 gratulatione
1488 2626 1747 2674 noctem
1792 2612 2227 2676 celebrabant.
2312 2616 2439 2675 His
2496 2614 2631 2675 rehu

699 2696 976 2771 auditis,
1038 2695 1349 2759 Afranius
1389 2696 1456 2755 in
1501 2692 1696 2760 castra
1732 2696 2054 2768 recurrit,
2114 2698 2631 2780 ita'comparatuz

698 2798 801 2857 ut,
853 2778 1173 2867 quidquid
1211 2776 1581 2852 accidiss'et,
1625 2777 1874 2838 laturus
1915 2798 2047 2839 non
2081 2777 2308 2865 iniquo
2349 2780 2566 2841 animo
2598 2799 2630 2839 v

652 2924 659 2935 ,
705 2866 997 2931 deretur.
2145 2864 2148 2867 '

826 2972 1121 3036 xme.
1167 2970 1254 3030 At
1288 2967 1593 3052 Petreius
1631 2965 1942 3028 familiam
1978 2981 2216 3042 armat,
2263 2983 2328 3032 et
2367 2988 2515 3031 cum
2549 2966 2630 3027 ha

705 3069 772 3118 et
814 3054 1149 3139 praetoria
1200 3052 1515 3125 cohorte,
1587 3066 1655 3115 et
1703 3051 1927 3134 paucis
1979 3049 2274 3115 barbaris
2320 3050 2631 3135 equitibus

702 3134 1146 3211 beneficiariis
1196 3138 1398 3217 ειιίεῑ,1
1437 3134 1654 3197 subito
1696 3132 1983 3205 advolat,
2049 3148 2153 3206 et,
2215 3147 2538 3218 quotquot
2580 3130 2631 3190 d«

752 3218 1117 3282 rehendere
1155 3219 1454 3292 Caesaris
1499 3210 1778 3277 militum
1811 3213 2053 3297 potest,
2095 3214 2472 3293 obtruncat3
2519 3230 2630 3276 tan¹

656 3342 662 3351 ι
702 3245 973 3377 furore,
1019 3316 1090 3363 ut
1123 3302 1317 3364 etiam
1354 3301 1685 3362 tribunum
1719 3317 1754 3357 e
1785 3297 1921 3357 suis
1943 3341 1959 3370 ‚
2008 3297 2123 3381 qui
2153 3299 2447 3363 retinere
2487 3298 2631 3378 impl

668 3399 837 3448 ·tum
878 3386 1016 3465 ejus
1053 3385 1369 3454 voluerat,
1416 3379 1825 3445 confoderet.
1911 3378 2171 3440 Deinde
2200 3377 2367 3442 flens
2393 3380 2631 3442 circum

673 3468 1105 3552 «manipulum
1155 3487 1237 3528 ne
1279 3485 1385 3538 se,
1430 3467 1560 3526 neu
1587 3458 1968 3545 Pompeium
2013 3462 2347 3525 absentem
2389 3463 2631 3523 desere*

702 3550 1150 3637 prodantque‚
1211 3547 1534 3615 obsecrat.
1617 3544 1847 3619 Miles,
1907 3545 2122 3606 subito
2161 3545 2516 3606 immutatis
2563 3562 2629 3602 an

703 3633 868 3704 mis,
929 3633 998 3693 in
1038 3631 1439 3717 praetorium
1476 3627 1831 3691 concurrit.
1915 3629 2015 3689 Ibi
2052 3627 2497 3710 jusjurandum
2542 3643 2628 3685 co]

703 3714 868 3802 cipit
893 3715 1233 3796 Petreium
1271 3713 1335 3796 fi·
1371 3717 1669 3773 exercitum
1708 3712 1972 3792 ducesque
2010 3732 2116 3771 mm
2153 3713 2548 3793 proditurum,
2601 3726 2629 3765 n

705 3820 810 3880 que
848 3798 1197 3879 defirturum
1216 3837 1233 3868 ,
1295 3816 1462 3875 neque
1504 3793 1601 3869 (ibi
1623 3794 1924 3873 fhparatim
1961 3814 1991 3851 a
2030 3793 2255 3871 reliquis
2295 3790 2574 3874 consilium
2608 3811 2629 3846 c

701 3900 953 3965 pturum.
1036 3881 1109 3942 In
1146 3877 1308 3940 haec
1344 3877 1541 3941 verba
1586 3877 1750 3941 'urat
1787 3877 1931 3961 ipse
1967 3876 2193 3960 prior:
2253 3873 2459 3958 adigit
2507 3885 2574 3935 et
2609 3886 2629 3957 l

692 3958 991 4033 ‘franium
1040 3964 1110 4024 in
1161 3963 1428 4025 eadem:
1492 3958 1579 4023 tri
1628 3959 1743 4020 uni
1798 3959 2348 4042 centurionesque
2371 3999 2390 4033 ,
2454 3953 2629 4018 dein«

644 4146 669 4169 ‘⁸
774 4154 928 4229 Gap.
955 4151 1222 4212 xxvm.
1258 4152 1518 4230 Appiau.
1555 4153 1726 4213 Caes.

932 4422 953 4457 Ι
