2675 4642
1968 54 2021 62 „—

596 212 720 280 ¹720
836 195 1241 294 maman.
1275 145 2114 261 soPrLEmNronuu
2148 192 2305 282 Q.
2337 194 2423 257 c.

274 398 345 455 U‘·
378 416 576 472 ⁰·727·
600 406 855 470 cusanis
888 405 1323 466 columnarum
1359 401 1677 486 capitibus
1700 443 1717 472 ‚
1766 402 1862 464 sic
1903 406 2261 476 exornavit,
2314 422 2395 469 ut
2430 429 2589 491 pro-

264 469 429 527 A·C·
451 474 542 530 ²5·
598 504 748 574 pter
784 484 1066 550 omnium
1114 487 1401 546 Deorum
1438 484 1788 566 conspicua
1816 485 1883 545 in
1913 505 1992 547 eo
2028 484 2207 568 signa
2239 494 2589 560 Pantheon,

598 570 1075 653 adpellaretur:
1139 586 1516 649 quamquam
1548 565 1827 630 nominis
1872 566 2009 646 ejus
2043 564 2315 629 cauffam
2356 571 2476 631 alii
2517 572 2585 631 iu

598 652 937 714 simulacra
969 647 1197 711 Martis
1221 661 1299 709 -et
1329 647 1633 719 Veneris,
1693 648 1981 708 Deorum
2024 647 2352 711 icunculis
2402 654 2582 715 varie

598 733 882 805 exculta,
943 729 1326 793 conferunt:
1386 729 1516 790 Dio
1554 729 1650 789 sic
1701 728 1942 790 dictum
1980 749 2014 788 a
2042 729 2253 791 forma
2287 733 2578 797 rotunda

646 830 821 887 utat,
879 832 1041 898 quae
1090 812 1379 883 coelum,
1439 812 1726 871 Deorum
1783 812 2064 872 omnium
2125 810 2574 890 domicilium,

481 950 487 958 .
597 897 908 961 imitetur.
957 893 1305 979 Sequentia
1338 905 1668 977 tempora,
1718 913 1909 975 quum
1944 892 2088 953 Diis
2133 894 2450 955 omnibus
2484 919 2578 958 sa.

597 993 845 1043 oratum
874 975 1064 1039 fuiss'e
1108 971 1561 1046 existimarent,
1607 974 1902 1036 omnibus
1943 974 2192 1035 Sanctis
2238 990 2309 1038 et
2352 976 2575 1061 virgi-

595 1061 669 1122 ni
699 1060 1027 1123 coelorum
1073 1058 1341 1141 reginae
1382 1054 1806 1131 dedicarunt3
1864 1055 2191 1140 hodieque
2229 1057 2482 1120 durans
2511 1060 2577 1121 id

599 1162 806 1227 opus,
851 1155 1122 1224 propter
1155 1137 1401 1201 solidae
1439 1136 1632 1199 molis
1669 1133 2082 1198 firmiss'imam
2127 1135 2573 1216 stabilitatem,

481 1241 488 1250 ·
598 1224 720 1286 sub
778 1222 1089 1287 vocabulo
1135 1234 1389 1284 sanctae
1439 1219 1682 1280 Mariae
1732 1219 2069 1282 Rotundae
2115 1218 2184 1279 in
2239 1224 2577 1305 exemplar

596 1304 930 1390 perfectae
967 1302 1465 1366 Architecturae
1495 1299 1783 1363 cernitur
1806 1297 1842 1361 εχ
1882 1300 2142 1365 testante
2181 1303 2383 1365 titulo
2408 1345 2427 1376 ,
2479 1314 2573 1371 M.

596 1393 942 1468 Agrippam
971 1391 1048 1450 L.
1090 1392 1148 1448 F.
1193 1388 1495 1448 consulem
1540 1389 1795 1446 ter-tium
1811 1387 2054 1460 secisse.
2139 1383 2574 1446 Simulacrum

595 1462 862 1546 Augusti
908 1463 1229 1524 collocare
1280 1459 1521 1520 ibidem
1564 1460 1854 1540 Agrippa
1900 1462 2233 1537 voluerat,
2295 1464 2571 1550 ejusque

596 1564 834 1606 nomen
872 1564 911 1608 o
962 1542 1058 1605 eri
1099 1541 1581 1627 praescribere:
1628 1539 1742 1599 sed
1771 1580 1789 1611 ‚
1843 1554 2179 1626 utrumque
2214 1546 2337 1608 illo
2378 1567 2569 1609 recu-

602 1641 823 1697 sante,
887 1685 892 1689 ,
933 1624 1222 1687 ictatoris
1274 1622 1567 1686 Caesaris
1619 1617 1873 1683 statuam
1914 1621 1982 1684 in
2015 1625 2216 1702 aede,
2286 1649 2465 1690 suam
2503 1642 2567 1690 et

599 1705 867 1792 Augusti
897 1708 966 1768 in
989 1704 1299 1770 vestibulo
1336 1702 1576 1788 posuit.
2068 1743 2083 1750 -

253 1830 579 1900 mamma,
721 1815 892 1875 XIX.
950 1813 1129 1874 Haec
1173 1826 1302 1873 tam
1335 1808 1668 1894 magnifica
1723 1830 1955 1907 opera,
2026 1835 2225 1899 quum
2269 1818 2559 1903 proxime

235 1904 580 1972 “Respuen-
606 1896 990 1979 contingere
1009 1893 1391 1982 ,Principale
1434 1894 1684 1955 culmen
1734 1894 2149 1971 viderentur,
2194 1899 2434 1962 honori
2468 1913 2553 1960 ta-

235 1974 437 2029 salens.
603 1997 754 2040 meu
809 1976 1138 2061 Agrippae
1191 1976 1417 2061 potius&=
1460 1975 1627 2058 apud
1684 1975 2058 2050 Caesarem,
2122 2000 2316 2065 quam
2354 1980 2551 2044 fraudi

604 2060 816 2121 fuere.
901 2062 1103 2120 Notus
1139 2057 1309 2121 enim
1348 2070 1491 2119 erat
1526 2056 1651 2120 viri
1689 2057 1955 2132 animus,
2003 2062 2305 2125 Caesaris
2339 2063 2544 2145 reique

655 2141 901 2202 ublicae
940 2140 1140 2201 causs'a
1171 2138 1469 2201 facientis
1512 2139 1719 2199 omnia
1749 2180 1767 2209 ,
1811 2154 1880 2201 ut
1915 2140 2074 2205 hanc
2113 2144 2425 2227 oper‘ibus
2458 2147 2545 2205 in-

661 2222 970 2304 itutisque
1001 2221 1349 2303 praeclaris
1371 2263 1387 2293 ,
1431 2220 1601 2281 bunc
1635 2219 1840 2303 gloria
1874 2237 1939 2283 et
1983 2224 2434 2287 benevolentia
2470 2227 2554 2287 ci-

608 2305 785 2368 vium
829 2303 1191 2367 decoraret.
1234 2307 1392 2365 Nam
1426 2303 1677 2364 ornatui
1711 2304 2401 2393 commobditatibusque
2436 2310 2557 2369 Ro.
2578 2351 2591 2370 .

611 2405 831 2449 manae
877 2384 1060 2447 urbis
1102 2384 1448 2469 plurimum
1498 2382 1750 2446 studens
1790 2385 2143 2468 Augustus,
2218 2410 2343 2472 per
2389 2409 2457 2451 se
2499 2403 2556 2450 et

612 2468 853 2531 amicos
892 2468 961 2528 in
990 2479 1227 2528 tantum
1258 2465 1475 2529 enisus
1505 2462 1611 2540 est,
1646 2479 1724 2526 ut
1749 2463 1890 2545 jure
1925 2468 2361 2550 gloriaretur,
2403 2488 2559 2527 mer·
2660 2467 2661 2472 ’

615 2576 886 2617 meream
916 2575 980 2614 se
1011 2555 1379 2628 relinquere,
1418 2573 1603 2630 quam
1643 2554 1978 2613 lateritium
2011 2555 2371 2629 adcepisset.
2441 2545 2559 2628 lgi-

612 2640 723 2690 tur
763 2641 828 2689 et
854 2626 1107 2709 nuptias
1145 2624 1312 2687 filiae
1353 2632 1523 2698 suae,
1569 2646 1752 2710 quam
1779 2629 1867 2686 Μ.
1897 2628 2230 2700 Marcello,
2275 2629 2387 2690 vix
2413 2647 2562 2710 pue·
2658 2623 2659 2640 ¹

613 2708 827 2771 ritiam
868 2707 1116 2792 egress'o
1140 2749 1157 2782 ‚
1220 2707 1688 2791 desponderat,
1754 2707 1927 2792 quod
1968 2727 2088 2790 per
2132 2708 2562 2772 valetudinem

612 2791 884 2853 Romam
926 2788 1149 2853 venire
1191 2789 1690 2873 prohibebatur,
1732 2789 2019 2873 Agrippa
2061 2788 2245 2853 vices
2276 2790 2560 2853 absentis

348 2909 371 2948 s
614 2885 923 2956 gerente,
961 2870 1377 2933 ‘celebravite
1422 2886 1524 2954 et,
1569 2869 1831 2932 aedibus
1867 2874 1955 2931 M.
1977 2871 2243 2933 Antonii
2287 2871 2360 2932 in
2392 2893 2560 2933 mon-

614 2969 684 3016 te
714 2953 1003 3015 Palatino
1035 2951 1368 3015 combustis
1389 2994 1406 3026 ,
1453 2972 1606 3038 quas
1635 2956 1723 3013 M.
1744 2953 2069 3049 Agrippae
2103 2967 2169 3014 et
2204 2956 2293 3013 M.
2318 2952 2563 3015 Messal-
2654 2957 2655 2972 ¹

615 3035 719 3097 lae
772 3034 1196 3109 coneess’erat,
1254 3034 1404 3098 huic
1442 3033 1699 3119 quidem
1742 3053 2073 3130 pecuniam
2114 3033 2288 3096 dono
2354 3034 2561 3097 dedit:
2652 3079 2653 3084 η

616 3117 969 3214 Agrippam
1012 3117 1080 3176 in
1124 3137 1271 3178 suas
1306 3116 1498 3180 aedes
1540 3129 1810 3200 recepit.
1856 3115 2034 3214 Quae
2067 3135 2261 3202 quum
2293 3118 2562 3179 maximo
2652 3131 2653 3140 ¹

615 3196 854 3260 honori
901 3211 1077 3260 tanto
1120 3198 1262 3261 viro
1307 3198 1546 3272 estem,
1607 3196 2023 3260 nihilominus
2081 3198 2243 3258 alios
2360 3217 2557 3280 uoque

619 3278 1099 3363 haudquaquam
1132 3279 1394 3363 paribus
1427 3280 1676 3341 meritis
1714 3281 1988 3364 populus
2021 3292 2153 3342 tum
2177 3279 2321 3341 cele
2372 3280 2558 3340 ravit:

622 3362 697 3424 C.
751 3362 1097 3423 Toranium
1148 3362 1469 3423 tribunum
1516 3361 1767 3444 plebis,
1829 3360 1998 3444 quod
2043 3374 2291 3444 patrem
2357 3380 2554 3430 suum,

623 3462 996 3528 quamquam
1051 3442 1389 3518 libertum,
1440 3443 1609 3523 juxta
1656 3451 1753 3504 se'
1784 3442 2123 3505 considere
2178 3443 2250 3501 in
2318 3441 2559 3503 theatro
2646 3499 2647 3510 ,

620 3524 913 3609 juss'erat:
958 3521 1036 3585 P.
1074 3525 1458 3598 Servilium,
1502 3523 1675 3610 quod
1706 3522 1842 3604 ejus
1879 3524 2046 3586 ludis
2084 3523 2226 3585 ursi
2255 3523 2562 3595 trecenti,

622 3606 1021 3696 totidemque
1074 3606 1416 3671 Africanae
1459 3605 1789 3671 confectae
1835 3604 2112 3673 fuerant.
2155 3674 2279 3751 xx
2333 3685 2392 3749 P
2474 3688 2480 3694 1

2283 3730 2301 3749 .
2396 3706 2502 3751 ro·

1432 3767 1633 3804 4„

691 3869 772 3930 ca
819 3835 840 3924 .’
864 3872 1078 3927 xv111.
1119 3843 1275 3926 tin..
1299 3871 1390 3937 36,
1416 3870 1498 3940 14.
1530 3878 1591 3926 et
1619 3871 1708 3941 34,
1738 3871 1795 3929 3.
1835 3868 2064 3929 samaa.
2098 3867 2239 3924 mo.
2274 3864 2432 3922 vide
2461 3865 2558 3917 no.
2642 3839 2643 3850 '

623 3936 722 3997 fin.
813 3941 1301 3999 nt.Roman.2-.5.
1338 3939 1480 3995 Dio.
1514 3940 1676 4012 Pigh.
1699 3938 1992 4010 Ann.728.
2027 3937 2166 3993 Dio.
2239 3936 2325 3996 Ga
2378 3972 2394 3989 .
2426 3936 2556 3988 xlx.

620 4006 863 4134 lsjtizabo,
890 4007 934 4070 l,
963 4012 1018 4068 ὅ.
1047 4026 1112 4087 1).
1140 4012 1260 4069 236.
1299 4008 1543 4068 Sueton.
1564 4016 1814 4090 Aug-29·
1848 4009 1989 4070 Dio'.
2022 4007 2275 4065 Sueton.
2363 4020 2460 4080 ug.
2485 4002 2556 4060 63·
2608 4049 2609 4052 η
