2675 4642
494 262 588 325 m
634 257 945 324 Locum
985 260 1151 323 mn.
1194 209 1759 363 cxvmssmvu.
2003 258 2127 322 305

118 493 309 556 quam
341 468 858 546 dimitterentur,
901 469 970 531 in
1011 469 1296 532 obscuro
1333 470 1483 531 loco
1517 469 1687 533 fame
1719 473 2129 538 macerabam·
2197 469 2492 539 Usta-7⁰0-

118 569 249 617 tur.
310 554 581 621 Deinde
613 552 920 637 epistolae
956 566 1093 614 seta
1124 551 1573 635 religabantur
1602 553 1680 614 ad
1713 556 1973 617 collum.
2020 559 2134 620 Sic
2192 540 2356 595 A‘C·
2383 544 2478 610 43·
2545 576 2554 591 ¹

121 635 448 708 dimill'ae,
497 657 687 719 quam
727 635 1024 719 proxime
1065 633 1295 696 urbem
1329 648 1622 717 poterat,
1668 636 2132 722 cibi,lucisque

121 717 466 780 desiderio
507 717 822 801 petebant
860 737 1103 778 summa
1148 737 1446 813 quaeque
1485 713 1817 792 aedificia,
1886 720 1978 781 ibi
2022 741 2134 782 ex-

123 800 585 883 cipiebantur:
651 799 878 883 utique
930 796 1289 882 postquam,
1351 800 1683 861 intellecta
1734 821 1846 872 re,
1915 801 2134 863 cibum

122 883 318 945 certis
355 883 539 943 locis
577 881 892 945 collocari
918 883 1160 943 Brutus
1199 879 1484 962 juss'erat.
1568 881 1854 944 Eaedem
1892 883 2137 947 deinde

121 964 632 1027 remittebantur
683 984 722 1024 a
763 967 974 1025 Bruto
1031 980 1180 1024 cum
1229 961 1444 1025 literis
1466 1004 1485 1037 ,
1548 963 1694 1027 loca
1740 978 1893 1029 nota
1938 985 2134 1052 repe-

122 1058 354 1111 tentes.

226 1179 481 1241 xxxl.
555 1177 669 1241 Sic
722 1173 1065 1241 obfirmato
1128 1174 1209 1241 ad
1259 1174 1664 1247 tolerandam
1718 1174 2128 1244 obsidionem
2192 1171 2426 1229 Ancona
2527 1194 2532 1200 ·

1 1329 2 1332 Ἴ
116 1260 440 1334 Decimo,
505 1261 871 1335 Antonius,
929 1260 1120 1322 fratri
1158 1261 1367 1325 Lucio
1419 1258 1700 1323 custodia
1739 1280 2012 1347 operum
2052 1264 2129 1325 ad
2156 1261 2268 1295 ‘um
2285 1247 2377 1297 Μ’
2394 1262 2484 1298 “¹⁶
2543 1290 2546 1299 ·

1 1365 4 1372 >
118 1345 443 1404 Mutinam
485 1342 907 1415 demandata,
965 1340 1161 1406 castra
1211 1339 1488 1405 hostium
1534 1340 1753 1419 castris
1798 1346 2130 1430 opposuit.

2160 1313 2464 1368 titalianus,

123 1426 410 1489 Crebrae
460 1426 621 1488 inde
666 1425 1123 1497 velitationes,
1190 1424 1311 1488 sed
1352 1423 1522 1485 nihil
1564 1424 1646 1486 ad
1689 1444 1911 1489 rerum
1960 1449 2133 1489 sum-

120 1527 316 1569 mam:
411 1508 597 1581 inter
658 1528 818 1590 quas
879 1520 945 1570 et
998 1508 1171 1570 Galli
1225 1526 1262 1569 e
1313 1506 1520 1581 uites,
1584 1526 1752 1591 quos
1804 1528 1949 1570 cum
1999 1511 2137 1571 ele·

121 1589 371 1671 phantis
419 1590 507 1651 ad
545 1592 891 1652 Caesarem
934 1588 1249 1653 defecill‘e
1332 1588 1605 1661 iximus‚
1667 1588 1745 1649 ad
1783 1593 2139 1654 Antonium

123 1672 504 1747 redierunt,
574 1669 761 1734 clade
803 1673 996 1734 etiam
1036 1671 1253 1755 aliqua
1290 1670 1699 1733 Caesarianis
1735 1670 1971 1749 inlata3
2032 1686 2137 1748 et,

126 1753 279 1816 inter
319 1755 768 1839 pabulatores
814 1753 1067 1817 oborto*
1092 1753 1487 1827 certamine,
1550 1773 1703 1817 suos
1740 1774 2139 1839 unoquoque

130 1851 389 1900 conante
458 1834 871 1912 defendere,
941 1837 1186 1899 acriter
1284 1849 1629 1918 agnatum,
1701 1840 2138 1922 superiorque

134 1915 405 1982 discell'it
465 1916 819 1981 Antonius.
919 1921 1188 1980 Interim
1230 1860 1308 1980 g.
1346 1916 1697 1985 Ventidius
1742 1939 1821 1980 ex
1857 1919 2140 1982 coloniis

135 2001 410 2064 Caesaris
465 2000 670 2064 instar
704 1998 975 2061 'duarum
1018 2000 1354 2085 legionum
1388 1999 1697 2082 collegit,
1759 2014 1951 2062 notus
1995 2003 2139 2085 ple-

140 2078 324 2167 risque
373 2098 458 2146 et
492 2081 774 2144 militiae
819 2084 1061 2144 socius.
1145 2081 1368 2167 Magni
1408 2080 1565 2143 inde
1609 2101 1908 2144 rumores
1950 2082 2138 2146 exsti-

148 2174 321 2228 terunt
357 2166 444 2227 in
490 2165 706 2237 urhe,
754 2183 951 2246 quum
993 2185 1074 2227 eo
1112 2184 1473 2250 properare
1511 2162 1882 2226 audireturz
1943 2166 2138 2250 fuge-

155 2261 375 2330 rentque
417 2248 671 2321 multi,
735 2258 928 2329 atque
972 2247 1148 2309 inter
1186 2266 1303 2308 eos
1341 2246 1602 2308 Cicero.
1689 2245 1819 2308 Sed
1866 2247 2137 2325 conjun-

147 2346 273 2409 gere
301 2353 373 2393 se
420 2329 810 2414 cupientem
854 2329 1143 2391 Antonio
1172 2325 1558 2393 Ventidium
1603 2328 1841 2390 Caesar
1879 2344 1944 2391 et
1975 2331 2137 2392 Hir-

140 2409 241 2472 tius
262 2415 727 2476 excluserunt.
791 2411 975 2493 Ergo
1006 2410 1350 2496 profectus
1377 2411 1446 2471 in
1464 2410 1801 2486 Picenum,
1849 2411 2137 2497 ibiquo-

130 2510 234 2575 que
282 2494 680 2558 delentibus
724 2490 1016 2564 habitis,
1085 2493 1342 2579 aliaque
1396 2492 1778 2577 conscripta
1832 2493 2135 2581 legione,

124 2577 529 2661 temporibus
579 2574 1033 2638 insidiabatur.
1622 2618 1626 2625 ·

221 2709 508 2772 xxxn.
570 2708 742 2768 Dum
775 2706 936 2771 haec
969 2706 1036 2770 in
1076 2707 1240 2771 urbe
1282 2720 1350 2772 et
1375 2708 1555 2773 Italia
1592 2706 1792 2784 fiunt,
1838 2712 1927 2773 M.
1958 2711 2136 2775 Bru‘-v
2190 2712 2467 2777 aaran

115 2803 203 2854 tus
240 2793 313 2852 in
353 2789 758 2854 Macedonia
803 2804 870 2852 et
905 2792 1114 2876 Epiro
1166 2813 1277 2854 res
1336 2813 1484 2856 snas
1528 2794 1883 2875 insigniter
1924 2795 2120 2856 auxit.
2150 2802 2421 2844 ”stu-‘5¹⁴¹
2436 2797 2499 2846 1⁶⁶

114 2875 175 2937 C.
211 2874 596 2942 Antonius,
626 2873 1017 2956 ,progress'us
1059 2875 1503 2958 Apolloniam,
1566 2895 1646 2937 eo
1684 2875 2075 2938 contrahere
2097 2916 2115 2950 ,
2151 2856 2500 2917 ‘'andus“

151 2955 436 3040 uidquid
471 2953 753 3015 militum
781 2955 1020 3018 vicinis
1052 2955 1218 3017 locis
1252 2972 1415 3031 erat,
1459 2958 1870 3020 moliebatur.
1957 2959 2113 3033 Sed,

109 2977 209 3100 :ibi
246 3036 321 3100 et
356 3038 470 3100 illi
511 3056 585 3098 se
619 3035 697 3097 ad
730 3039 1028 3098 Brutum‘
1091 3038 1263 3101 otius
1304 3039 1758 3112 contulerunt,
1804 3053 1871 3102 et
1907 3039 2113 3124 Apol-

104 3117 378 3184 loniatas
419 3119 660 3181 eodem
692 3119 1010 3180 inclinare
1100 3118 1364 3188 utonius
1398 3121 1627 3194 sensit,
1672 3143 1964 3206 magnam
1998 3142 2116 3182 ur·

106 3203 242 3265 bem
290 3218 363 3265 et
402 3221 710 3286 gravem,
758 3202 984 3262 relicta
1013 3201 1400 3286 Apollonia,
1445 3200 1835 3266 Buthrotum
1878 3203 2107 3288 profe-

108 3300 234 3349 ctus
276 3283 397 3346 est.
503 3287 692 3357 Mox,
753 3283 990 3345 amiffis
1038 3285 1105 3345 in
1144 3283 1387 3348 itinere
1430 3283 1812 3348 cohortibus
1852 3285 2104 3360 tribus,

105 3390 257 3453 quae
297 3386 544 3428 caesae
583 3387 619 3426 a
651 3368 858 3427 Bruto
893 3364 1183 3436 fuerant,
1220 3386 1416 3449 quum
1453 3380 1718 3452 praeter
1744 3369 2105 3431 Amantiam

103 3466 162 3514 et
185 3449 536 3512 Bullidem
568 3460 828 3510 teneret
861 3447 1047 3522 nihil,
1089 3448 1216 3509 huc
1243 3447 1457 3511 statuit
1485 3448 1904 3512 contendere.
1967 3450 2102 3512 Sed

99 3534 271 3605 loca,
332 3552 469 3617 per
510 3550 675 3614 quae
716 3530 994 3592 eundum
1036 3542 1211 3600 erat,
1275 3532 1510 3597 Cicero
1554 3530 1936 3594 adolescens
1974 3531 2101 3612 jam

100 3635 333 3699 praece
388 3626 572 3677 erat=
614 3632 739 3697 per
767 3631 931 3695 quae
960 3613 1028 3675 vi
1055 3626 1323 3676 conatus
1348 3615 1608 3698 aperire
1629 3614 1821 3689 viam,
1856 3616 2099 3677 victus-

106 3719 251 3780 que,
372 3716 484 3761 uin
536 3694 714 3756 inter
757 3694 1028 3777 paludes
1073 3695 1276 3778 longo
1317 3696 1572 3781 agmine
1610 3716 1682 3759 se
1718 3696 1995 3784 recipit,
2059 3718 2116 3771 ι,

101 3780 303 3842 Bruto
341 3776 883 3842 circumvenitur.

160 4014 311 4085 cap.
334 4012 521 4095 xiix.
557 4006 710 4093 Plaga.
736 4027 822 4080 ιο,
847 4010 937 4092 ⁸7·
974 3992 1252 4093 Ἐτωρία.
1289 4010 1473 4071 strat.
1501 4011 1561 4083 3,
1596 4010 1677 4069 ιε.
1717 4008 1870 4096 rnq.
1943 4010 2105 4083 cap.

98 4079 1288 4218 {ffizffl'afflssf⁸÷¹tffl¹1³tffssP¹ffit
1328 4083 1477 4159 ⁶⁸¹¹·
1511 4080 1741 4139 ΜΠ·
1779 4081 2094 4153 ¹³¹⁰’¹·⁴⁷·
2167 4144 2176 4157 ·

171 4255 482 4332 Supplem.
512 4254 648 4314 Liv.
674 4251 1040 4315 Tomxlr.
1577 4265 1586 4277 ⁵
1689 4236 1769 4313 U

634 4532 641 4543 ¹
680 4540 723 4553 ar·
