2675 4642
240 421 309 481 U.
342 441 399 481 c.
424 427 552 495 7²3·

241 491 315 551 A.
333 497 516 567 (LA-19.

572 217 693 281 682
778 167 1189 294 mmm.
1216 199 2062 280 SUPPLEMENTORUM
2077 209 2232 274 nm.
2251 210 2496 276 xclx.

577 432 811 490 ercitus
836 435 899 488 et
925 429 1227 504 pecunias
1253 427 1567 487 committi
1591 440 1746 494 opus
1773 429 1977 490 essetf
1993 437 2126 481 rem
2152 443 2267 482 nec
2282 422 2583 498 facilen

564 503 760 578 factu
778 537 797 565 ,
833 517 945 557 nec
981 519 1060 558 ex
1089 499 1382 556 utilitate
1413 506 1527 554 tua
1544 493 1876 566 futuram3
1913 500 1980 548 et
2005 496 2343 562 pauciores
2371 494 2594 552 kabe-

574 589 677 628 res
705 570 1102 643 negotiorum
1133 569 1387 642 peritos.
1442 583 1627 630 nunc,
1667 564 1779 619 ubi
1806 560 2103 620 inciderit
2136 582 2308 626 usus.
2347 584 2433 620 ea.-
2457 564 2587 622 ad·

564 642 816 710 fluente
850 639 1031 708 copia
1068 635 1354 711 deligere
1386 634 1597 707 magis
1633 632 1890 694 idoneos
1924 630 2165 689 licebit.
2249 630 2580 705 Adcedit,

577 707 747 780 quod
787 705 933 768 inde
978 705 1272 778 pluribus
1314 706 1440 761 eris
1484 704 1730 770 carior,
1787 708 2112 773 tamquam
2145 702 2358 760 multa
2394 723 2588 762 cnm-

574 784 823 834 mentus
841 810 859 841 ,
941 794 1009 831 er
1038 793 1200 849 quae
1226 772 1487 847 publica
1517 770 1844 846 opulentia
1877 768 1942 826 in
1973 768 2282 843 majorem
2311 781 2577 845 partem

576 847 806 904 civium
839 865 879 900 u
924 843 1235 900 erioribus
1262 844 1413 899 rivis
1443 843 1744 913 profluat.
1819 840 2106 896 Ceterum
2135 842 2306 897 sicut
2319 842 2579 900 Romae

505 949 510 958 ι
574 932 688 972 nec
725 915 1044 970 aerarium
1078 929 1189 968 nec
1204 913 1412 978 fiscus
1450 909 1664 982 plures
1699 908 1973 993 singulis
2006 907 2370 981 praefectos
2401 908 2579 970 desi·

574 981 858 1040 derabit·
892 983 980 1039 sic
1015 982 1209 1037 etiam
1237 982 1306 1037 in
1334 995 1709 1051 unaquaque
1732 981 2058 1050 ¹provincia
2089 997 2255 1034 unus
2275 997 2362 1035 ex
2380 997 2574 1053 eque·

572 1054 694 1109 stri
726 1023 943 1109 ord⁹ine
960 1051 1127 1116 fiat=
1167 1046 1282 1106 sed
1312 1057 1384 1104 ut
1408 1048 1510 1105 his
1537 1047 1763 1105 deinde
1799 1043 2245 1120 adjungantur
2275 1067 2361 1104 ex
2390 1047 2574 1117 equi·

573 1121 747 1179 tibus
804 1136 879 1175 ac
931 1118 1178 1183 libertis
1228 1119 1391 1185 tuis,
1461 1125 1613 1191 quot
1659 1134 1813 1190 opus
1865 1133 1996 1172 esse
2048 1115 2566 1176 existimabitur.

571 1194 737 1248 Nam
773 1196 832 1244 et
861 1185 1125 1245 libertos
1154 1188 1253 1245 his
1271 1186 1718 1260 functionibus
1749 1182 2044 1242 adhiberi
2064 1183 2397 1264 proderit.-
2438 1201 2568 1257 quo

507 1312 515 1318 .
571 1267 636 1317 et
651 1257 821 1324 fidei
847 1275 1001 1313 suae
1036 1274 1383 1329 operaeque
1399 1257 1765 1342 ‘praemium
1799 1252 2130 1326 auferant.
2182 1264 2250 1312 et
2282 1253 2567 1321 habeas,

572 1348 655 1385 ex
683 1328 910 1401 quibus
942 1326 1039 1382 vel
1064 1327 1281 1387 invitis
1299 1349 1332 1390 ‚·
1354 1346 1411 1383 st
1439 1322 1590 1401 quid
1620 1330 1947 1397 peccatum
1962 1323 2208 1396 fuerit,
2249 1323 2456 1380 liceat
2487 1325 2566 1381 ti·

571 1397 639 1453 bi
679 1413 1050 1470 cognoscere
1162 1394 1290 1466 Qui
1319 1404 1535 1452 autem
1572 1396 1851 1467 equitum
1882 1411 1992 1464 per
2024 1393 2235 1451 multa
2273 1393 2566 1450 ministe-

457 1509 465 1518 .
568 1467 672 1521 ria
698 1465 950 1538 publice
979 1462 1208 1541 dignos
1237 1482 1303 1520 se
1332 1467 1511 1522 curia
1585 1463 1889 1522 robarint.
1928 1461 1995 1517 in
2022 1470 2316 1518 senatum
2341 1462 2401 1518 le
2460 1482 2571 1518 an·

571 1542 700 1591 tur.
772 1535 986 1590 Etiam
1014 1552 1096 1590 ex
1123 1533 1254 1598 liis,
1308 1535 1419 1605 qui
1450 1553 1520 1590 or
1568 1536 1702 1589 ines
1728 1531 2036 1587 duxerint
2058 1532 2127 1587 in
2155 1531 2404 1607 legioni
2453 1549 2558 1598 us,

568 1605 627 1660 si
658 1607 1038 1672 mereantur,
1078 1604 1147 1658 in
1181 1603 1645 1677 amplissimum
1682 1599 1964 1657 ordinem
1995 1603 2199 1673 recipi
2234 1599 2393 1656 utile
2415 1601 2563 1674 fue·

567 1673 691 1728 rit:
748 1670 933 1727 modo
975 1690 1052 1727 ne
1096 1672 1262 1728 inter
1304 1670 1741 1739 manipulares
1784 1667 2102 1740 stipendia
2128 1666 2433 1741 fecerint.
2493 1666 2562 1724 id

523 1771 528 1790 ι
567 1743 734 1796 enim
761 1741 1127 1810 probrosum
1161 1758 1405 1796 summo
1437 1742 1690 1813 imperii
1723 1738 1986 1797 consilio
2020 1737 2362 1795 videbitur.
2402 1735 2551 1800 Sed,

233 2056 314 2111 De
336 2076 529 2132 puero-

197 2143 321 2179 rum
351 2129 549 2182 nobili-

197 2213 280 2246 um
308 2196 532 2253 instita.

198 2267 359 2320 tione.

233 3216 403 3280 Quam
436 3213 517 3273 sit

194 3284 503 3409 :amr

569 1812 681 1880 qui
703 1811 907 1881 primo
935 1810 1156 1865 statim
1181 1808 1500 1882 stipendio
1526 1811 1922 1866 centuriones
1936 1805 2110 1879 facti
2132 1817 2311 1872 sunt,
2343 1824 2555 1863 eorum

610 1877 1186 2003 νῖςῖιαητίεείιηωη
1228 1895 1527 1952 quemque
1557 1876 1865 1935 Patribus
1902 1878 2098 1934 inseri
2144 1875 2319 1933 nihil
2349 1875 2552 1950 probi·

620 1967 649 2003 e
694 1968 718 2003 la
752 1983 768 2000 ο
1645 1967 1648 1972 ’

694 2039 955 2102 XLVII·
1001 2056 1199 2112 Porro
1230 2059 1366 2112 tam
1393 2063 1792 2120 senatorum,
1828 2069 2019 2126 quam
2054 2054 2364 2126 equitum,
2395 2050 2538 2108 libe·

572 2141 696 2180 ros·
730 2123 800 2188 in
854 2126 1139 2192 pueritia
1180 2123 1594 2199 frequentare
1643 2123 1870 2181 ludum
1918 2124 2291 2181 literarium
2337 2136 2531 2196 cogest

573 2193 720 2249 dein
766 2189 1264 2249 adolescentiam
1316 2212 1599 2268 egressos
1647 2194 1822 2265 equis
1871 2195 2068 2250 armis
2113 2211 2187 2248 ue
2245 2189 2535 2249 docendos

572 2260 859 2318 curabis.-
908 2268 971 2317 et
1006 2267 1340 2337 utrumque
1378 2280 1580 2337 genus
1619 2264 1916 2347 magistri
1990 2262 2068 2317 ub
2103 2261 2203 2317 ico
2230 2258 2540 2333 ‘stipendio

567 2329 1023 2387 conducentur.
1081 2331 1213 2387 -sic
1259 2349 1298 2386 a
1343 2333 1573 2388 teneris
1604 2350 1788 2387 annis
1821 2351 1896 2388 ea
1972 2332 2243 2388 iscentes
2280 2349 2356 2386 ac
2384 2348 2545 2386 exer-

570 2407 818 2466 centes,
870 2416 1033 2473 quae
1062 2399 1214 2455 viris
1242 2408 1428 2456 erunt
1458 2399 1830 2467 tractanda,
1880 2400 2003 2456 tibi
2040 2398 2129 2458 ad
2162 2418 2379 2456 omnes
2407 2414 2543 2455 usus

571 2467 851 2542 aptiores
893 2475 1083 2537 atque
1125 2472 1480 2535 paratiores
1524 2476 1729 2524 erunt.
1803 2472 2122 2541 Mag-num
2161 2468 2332 2525 enim
2367 2477 2433 2524 et
2451 2485 2544 2523 sa·
2652 2513 2653 2522 ,

570 2536 848 2593 lutat-em
888 2538 1136 2593 civitati
1172 2540 1518 2612 principem
1549 2557 1673 2595 non
1706 2557 1962 2612 operam
1992 2535 2181 2594 modo
2217 2535 2376 2593 dare
2410 2555 2544 2593 con·
2652 2541 2653 2612 χ

570 2605 777 2667 venit,
833 2611 904 2660 ut
935 2606 1067 2669 ipse
1099 2607 1187 2660 sit
1218 2609 1494 2677 optimus
1504 2625 1528 2677 ,⁸
1585 2606 1693 2663 sed
1728 2609 1925 2663 etiam
1952 2605 2316 2677 providere,
2367 2613 2442 2662 ut
2467 2606 2544 2661 ci·

569 2689 674 2729 ves
713 2675 981 2745 optimos
1022 2668 1284 2746 efficiat.
1368 2676 1499 2732 Hoc
1535 2684 1782 2746 autem,
1833 2673 2278 2749 prospiciendo
2309 2676 2542 2749 potius,

565 2761 648 2798 ne
677 2749 996 2813 peccetur,
1035 2749 1100 2797 et
1129 2737 1411 2816 officium
1446 2762 1553 2800 eos
1578 2762 1762 2800 suum
1792 2755 1940 2800 ante
1970 2742 2332 2810 edocendo,
2368 2762 2542 2816 quam
2650 2781 2651 2800 η

568 2808 917 2882 puniendo,
956 2829 1109 2884 quos
1132 2830 1393 2883 peccare
1423 2815 1677 2882 siveris,
1714 2814 2020 2869 obtineas.
2091 2817 2312 2882 Neque
2351 2813 2545 2889 patia—
2650 2821 2651 2834 ¹

569 2881 660 2935 ris
702 2897 1078 2962 quemquam
1113 2883 1400 2959 generiS,
1438 2901 1655 2951 opum,
1710 2881 1955 2938 aliusve
1998 2880 2354 2953 cuiuslibet
2420 2899 2541 2936 rae·
2650 2843 2651 2930 l

568 2955 848 3004 stantiae
892 2945 1147 3004 obtentu
1188 2967 1253 3006 se
1294 2950 1446 3007 huic
1490 2948 1868 3018 disciplinae
1901 2950 2276 3008 subducere.
2356 2902 2543 3009 cenati.

566 3035 697 3072 nuo
730 3018 897 3072 enim
929 3018 998 3072 in
1028 3017 1382 3075 socordiam
1413 3018 1875 3091 mollitiemque
1895 3022 2140 3087 fluent*
2179 3029 2305 3077 aut
2335 3020 2420 3079 ad
2442 3035 2540 3094 pa·

568 3105 712 3142 rum
749 3084 1047 3142 liberales
1075 3095 1244 3144 artes
1273 3091 1473 3145 otium
1504 3087 1953 3163 ingeniumque
1980 3108 2092 3145 con
2125 3099 2334 3147 erent.

689 3193 977 3258 XLVIII·
1034 3208 1113 3268 ld
1143 3233 1284 3272 vero
1311 3231 1390 3274 ne
1421 3218 1697 3288 eveniat,
1747 3221 1945 3275 etiam
1979 3227 2169 3305 atque
2198 3213 2541 3275 etiam'tibi

570 3276 1086 3340 adlabwcmdum
1129 3289 1241 3339 est.
1296 3305 1446 3341 nam
1494 3284 1647 3342 illos
1688 3285 1940 3354 quidem
1981 3286 2426 3345 m1sericordia
2457 3302 2537 3341 se-

612 3354 829 3430 netur,
873 3356 1197 3431 tamquam
1234 3353 1544 3412 invidiam
1580 3363 1696 3411 aut
1726 3357 2078 3429 periculum
2096 3354 2438 3430 fugientes
2467 3370 2536 3408 ex

616 3436 751 3472 onis
783 3418 1055 3501 artibus,
1117 3423 1447 3495 ignaviam
1473 3442 1587 3497 pro
1616 3432 1811 3480 scuto,
1833 3425 2272 3499 adripuerint:
2334 3431 2404 3480 at
2434 3419 2539 3479 tibi

570 3505 764 3558 quum
795 3487 1315 3559 impedimentum
1348 3492 1497 3551 inde
1522 3493 1830 3550 'bonorum
1862 3497 2136 3551 virorum
2172 3495 2360 3567 copia
2389 3491 2535 3548 cari·

569 3564 742 3619 turo,
800 3561 931 3610 tum
966 3560 1161 3618 etiam
1197 3561 1470 3633 infamia
1503 3565 1820 3632 proveniet
1832 3583 1856 3632 ,·
1913 3571 2240 3638 tamquam
2286 3566 2533 3637 ignara,

569 3623 1096 3694 quemadmodum
1136 3648 1422 3699 praeesse
1458 3631 1676 3689 liberis
1720 3631 2078 3690 hominibus
2111 3641 2432 3706 oporteat,
2480 3632 2536 3683 et

571 3696 758 3765 (quae
795 3701 1204 3761 tyrannorum
1250 3703 1530 3758 amentia
1571 3705 1691 3764 est)
1732 3702 1892 3758 cives
1931 3705 2172 3776 magis,
2219 3719 2410 3773 quam
2441 3696 2535 3754 ho-

566 3769 727 3843 stes,
780 3765 1050 3822 timenti.
1120 3771 1278 3824 Nam
1321 3776 1416 3837 et,
1464 3773 1521 3825 si
1553 3767 1705 3845 quid
1742 3769 2147 3828 metuendum
2183 3773 2253 3826 in
2291 3770 2531 3825 civitate

568 3835 724 3891 ent,
778 3831 855 3887 ab
902 3831 1003 3890 his
1041 3838 1254 3909 potius
1285 3838 1753 3910 proficiscetur,
1809 3842 1950 3913 qui,
2003 3839 2194 3896 rudes
2233 3839 2525 3896 bonarum

465 3911 468 3922 ¹
569 3899 839 3964 artium,
896 3910 959 3957 et
988 3907 1520 3976 intemperantiae
1557 3906 1797 3979 dediti,
1848 3928 1961 3967 nec
1991 3912 2096 3967 sui
2125 3926 2237 3966 nec
2270 3909 2527 3965 aliorum

569 3966 805 4049 habere
833 3972 1144 4058 rationem
1178 3975 1382 4060 ullam
1413 3974 1794 4062 didicerunt.
1867 3979 1949 4035 At
1979 3980 2131 4036 bene
2168 3986 2358 4062 atque
2392 3976 2527 4033 libe-

567 4034 798 4119 raliter
838 4037 1096 4122 educati
1132 4043 1458 4117 edoctzque
1505 4061 1816 4104 neminem
1862 4044 2138 4116 adficere
2175 4048 2425 4125 injuria
2442 4062 2523 4099 ue·

563 4104 728 4177 ltnt5
763 4124 1042 4166 omnium
1068 4119 1283 4170 autem
1311 4113 1571 4173 minime
1598 4113 1811 4187 illum,
1849 4136 2030 4191 quem
2055 4116 2180 4176 sibi
2208 4124 2344 4202 tam
2364 4129 2523 4190 ργασ-
