2675 4642
468 235 590 299 -m
633 234 947 302 Locum
992 195 1160 298 L'm.
1208 234 1437 300 cxm.
1479 235 1712 305 mvn.
2019 233 2142 300 155

112 449 377 510 ritatem
402 447 771 512 dictatoris
807 470 1116 543 suamque
1154 451 1515 534 potentiam
1548 449 1996 535 magnitudine
2032 450 2133 513 vi·
2192 445 2267 504 U·

112 531 357 592 tiorum
428 531 821 593 debilitabat
844 531 877 593 τ’
935 551 1115 612 cujus
1176 547 1535 596 nocturnae
1593 533 2127 606 comeffationes,
2190 515 2242 572 A

115 614 394 675 diurnus
451 633 726 674 somnus
751 656 770 688 ‚
820 612 1030 677 totius
1065 615 1240 677 vitae
1276 615 1653 698 turpitudo,
1714 615 2131 684 sermonibus

124 697 413 760 omnium
451 694 837 757 notabatur:
933 697 999 756 ui
1031 717 1163 758 non
1201 698 1669 772 erubesceret,
1711 719 1847 795 quo
1885 711 2014 760 tem
2066 718 2142 760 o-

126 800 188 841 re
217 779 508 840 Caesari
547 778 666 839 sub
707 777 818 839 dio
857 797 893 840 e
951 791 1030 839 et·
1053 794 1515 864 saepe.contra
1552 778 1990 843 ferociss'imos
2067 800 2141 842 o-

129 859 231 922 stes
266 858 771 942 dimicandum,
819 874 1087 944 potare,
1134 862 1435 933 scortari,
1482 862 1644 937 alea,
1675 865 1940 934 'somno,
1985 863 2167 925 luxu‘

125 964 237 1006 non
279 941 587 1005 ferendo
629 958 889 1027 tempus
931 947 1384 1006 consumere.'
1432 947 1592 1008 Erat
1628 946 1838 1019 enim,
1896 946 1953 1007 si
1990 945 2139 1028 quis

123 1026 316 1099 alius,
384 1025 671 1108 ingenio
719 1044 803 1085 ne
856 1046 998 1086 uam
1050 1039 1118 1087 et
1161 1046 1436 1110 nepos‚.
1473 1041 1541 1090 et
1576 1029 1794 1112 paullo
1832 1042 1980 1091 ante
2018 1028 2142 1092 tri-

123 1108 331 1169 bunus
370 1108 607 1193 plebis
647 1108 714 1168 in
749 1127 784 1168 e
841 1107 1003 1180 edo,
1063 1106 1412 1171 lictoribus
1451 1108 1958 1206 praeeuntibus,
2016 1128 2143 1194 per

121 1192 650 1264 ltaliamrectus
690 1203 866 1261 erat,
913 1189 1166 1252 mimam
1192 1190 1622 1272 ‚Cytheridem
1673 1192 1740 1254 in
1783 1205 2008 1275 aperta
2045 1192 2141 1253 le·

124 1275 279 1336 ctica
320 1275 559 1335 secum
603 1285 899 1356 portans,
944 1291 1085 1333 cum
1118 1257 1633 1356 turpilfimorum
1661 1273 1994 1336 bominum
2028 1292 2142 1336 co·

122 1357 381 1417 mitatu:
451 1375 733 1451 quacum
784 1354 1130 1439 aliquando
1169 1371 1235 1417 et
1286 1375 1486 1417 curru
1532 1357 1776 1418 dicitur
1817 1356 2138 1436 ineess'iss'e

119 1439 421 1501 leonibus
459 1451 715 1518 juncto.
806 1437 941 1500 Sed
980 1451 1080 1510 et,
1137 1438 1487 1500 occasione
1520 1439 1963 1536 praesentium
1996 1453 2137 1501 tur-

121 1522 339 1583 barum
383 1521 467 1582 ad
517 1520 784 1605 rapinas
821 1520 1098 1591 abusus,
1152 1540 1446 1606 magnam
1484 1541 1618 1586 vim
1660 1520 1802 1583 auri
1842 1521 2131 1607 argenti-

123 1623 278 1690 que,
328 1603 451 1666 sed
500 1617 571 1666 et
606 1603 782 1677 itini,
832 1602 1210 1686 diripiebat.

230 1713 545 1773 XXXIX.
613 1711 797 1774 Haec
855 1712 1057 1773 altera
1111 1708 1301 1772 fuiss'e
1364 1723 1630 1795 putatur
1690 1711 1894 1775 cauffa
1918 1754 1937 1786 ,
2008 1731 2129 1775 cur
2171 1714 2530 1788 cansangu-

124 1796 490 1879 promptius
518 1792 857 1878 ignoverit
873 1792 1255 1856 Dolabellae
1276 1787 1631 1857 adveniens
1655 1795 1915 1869 Caesar,
1938 1814 2127 1878 prae·
2153 1784 2260 1839 ’δῖ’
2276 1786 2523 1844 ὒθῑθῦθῖ·

125 1891 216 1938 ter
250 1878 486 1961 priora
525 1874 818 1938 hominis
850 1877 1115 1948 merita,
1162 1875 1273 1958 qui
1310 1877 1608 1972 Partibus
1642 1876 1782 1958 ejus
1813 1890 2020 1940 totum
2055 1896 2127 1940 se
2151 1853 2263 1912 ¹⁰·

129 1959 461 2022 dediderat
501 1960 586 2022 ab
618 1958 835 2032 initio,
879 1972 947 2020 et
976 1956 1044 2019 ἰῖι
1063 1956 1385 2019 Thess'aha
1415 1978 1677 2044 quoque
1710 1978 1833 2043 pro
1864 1980 1944 2021 eo
1972 1955 2129 2021 stre-

134 2062 242 2103 nue
290 2055 734 2126 pugnaverat.
821 2043 908 2103 Et
948 2054 1086 2103 erat
1121 2040 1249 2110 alio
1302 2041 1411 2101 uin
1452 2040 1533 2101 ad
1567 2040 1976 2103 tribuendam
2014 2060 2130 2104 ve·

143 2124 289 2184 niam
312 2125 580 2188 facilis:
627 2141 749 2186 nec
784 2122 1148 2206 ignorabat,
1193 2119 1259 2183 di
1317 2122 1556 2185 iculter
1591 2117 1758 2185 ferri
1794 2122 1974 2207 poss'e
2012 2121 2130 2187 de-

146 2206 278 2268 licta
307 2207 529 2270 aliena
573 2203 809 2270 severe
845 2216 1311 2290 exsequentem
1337 2246 1357 2278 ,
1424 2206 1542 2302 qui
1578 2219 1705 2268 tam
1742 2207 1939 2267 multa
1978 2204 2002 2267 i
2054 2226 2129 2271 se

141 2290 458 2373 peccaffe't.
554 2291 850 2362 Interea,
898 2307 1092 2372 quum
1131 2300 1197 2349 et
1231 2307 1507 2372 pecunia
1544 2288 1876 2372 indigeret
1905 2287 1970 2349 in
2028 2289 2127 2348 ni-

137 2383 221 2444 ta,
260 2387 320 2434 et
348 2370 659 2434 honores
691 2382 1034 2455 appeteret
1068 2368 1628 2443 eminentiss'imos‚
1672 2370 1936 2433 nolebat
1962 2369 2130 2431 mul-

131 2465 219 2516 tos
253 2452 652 2516 offendere:
714 2474 845 2538 quo
877 2451 1174 2514 'devincti
1226 2448 1552 2516 beneficio
1603 2472 1722 2515 suo
1768 2451 2125 2539 patientius
2211 2447 2222 2458 “

129 2533 362 2616 jubenti
397 2534 740 2621 quidlibet
776 2535 1321 2620 obsequerentur.

232 2646 374 2705 XL.
439 2644 696 2728 Igitur,
769 2665 964 2730 quum
1017 2661 1286 2725 magnus
1345 2640 1416 2703 in
1468 2640 1635 2710 urbe
1689 2641 2121 2727 plurimorum
2165 2635 2372 2690 αὕθ’
2385 2649 2504 2719 ¹⁸²?

128 2740 323 2789 metus
359 2725 690 2788 adventus
725 2725 864 2808 ejus
895 2726 1167 2798 suissetf
1189 2723 1540 2787 vindictam
1569 2724 1981 2787 ad'miss'orum
2009 2744 2121 2786 ex·
2147 2711 2509 2827 ‘““¹''1'²‘5¹2”⁸·

130 2809 599 2891 spectantium,
674 2827 882 2892 eaque
932 2828 1043 2870 res
1097 2806 1507 2870 sermonibus
1558 2808 1794 2891 agitata
1843 2819 1984 2869 toto
2037 2823 2119 2868 eo
2143 2789 2380 2897 2¹:332:
2443 2787 2486 2828 ⁸

129 2901 415 2973 tempore
462 2890 663 2966 effet3
719 2904 995 2974 repente
1035 2902 1435 2973 receperunt
1469 2892 1788 2962 animum,
1831 2886 1998 2949 nihil
2036 2887 2121 2950 de

130 2973 502 3055 praeteritis
563 2972 939 3056 inquirente
987 2974 1292 3036 Caesare.
1392 2970 1528 3033 Sed
1570 2972 1629 3033 is
1672 2970 1754 3034 ad
1784 2969 2123 3054 cogendos

133 3074 414 3116 nummos
456 3068 746 3116 mentem
780 3054 1141 3136 adjecerat,
1203 3067 1302 3128 et,
1361 3067 1630 3139 praeter
1666 3073 1956 3136 magnam
1987 3053 2125 3115 vim

136 3138 292 3208 auri,
358 3157 534 3220 quae
575 3137 646 3197 in
684 3155 961 3200 coronas
1003 3150 1071 3199 et
1102 3133 1371 3207 statuas,
1432 3149 1498 3197 et
1536 3135 1658 3197 alia
1699 3133 1828 3197 hoc
1871 3154 2078 3217 genus
2100 3167 2129 3206 ,-

139 3231 444 3302 tamquam
492 3240 528 3278 a
568 3219 941 3282 volentibus
991 3217 1430 3294 offerebatur,
1495 3217 1797 3302 ingentes
1842 3222 2122 3278 summas

144 3302 321 3363 mutui
382 3301 655 3362 nomine
710 3302 1061 3385 congessit,
1128 3320 1324 3385 quum
1376 3321 1593 3385 neque
1644 3318 1889 3382 negare
1942 3298 2124 3383 quis-

146 3402 303 3465 quam
351 3383 670 3459 auderet,
740 3403 865 3446 nec
911 3385 1055 3470 ipse
1109 3382 1192 3445 de
1234 3379 1629 3448 restituenda
1674 3382 1966 3466 cogitare
2000 3401 2122 3465 pu·

141 3477 396 3529 taretur.

230 3575 409 3634 xm.
470 3571 610 3634 Sed
650 3589 775 3659 ego
799 3615 815 3647 ‚
864 3572 1162 3635 Caesaris
1198 3585 1424 3635 natura
1458 3571 1839 3657 diligentius
1876 3590 2119 3654 cxpen-
2180 3563 2367 3640 Nonas
2395 3580 2483 3626 u·

20 3729 21 3736 ἵ
131 3675 221 3727 ta,
264 3677 400 3717 non
441 3655 774 3730 dubitem,
819 3654 1229 3718 redditurum
1265 3655 1529 3717 omnino
1569 3674 1712 3715 cum
1745 3651 1874 3715 fide
1904 3653 2115 3726 fuiffe,
2145 3642 2498 3725 ὒὲἶθῐρξῖθΰ·

129 3738 177 3797 si
212 3737 461 3799 diutius
502 3733 638 3798 frui
673 3739 809 3801 vita
846 3737 1173 3822 potuisset.
1268 3741 1407 3800 Nec
1429 3738 1625 3800 ’enim
1659 3736 1726 3797 in
1763 3737 1961 3798 tantis
1997 3737 2118 3797 im·
2143 3722 2191 3763 ”
2215 3712 2368 3833 {mn
2397 3726 2485 3763 'u'

127 3821 284 3963 gerii
324 3821 571 3904 opibus
611 3821 849 3893 deess'e‚
896 3820 1069 3882 unde
1109 3833 1622 3912 quantacumque
1663 3817 1880 3881 debita
1919 3838 2119 3903 quan·
2141 3793 2216 3853 μ
2243 3814 2262 3836 ’

164 3923 339 3990 oque
377 3918 953 3990 expungerentur‚
995 3916 1291 3990 poterat:
1355 3916 1422 3965 et
1463 3905 1638 3988 ipse,
1699 3901 1930 3963 solitus
1981 3921 2121 3962 om-

124 4092 863 4222 Cigalsshji‘lxxngDlign·
888 4092 945 4164 8,
980 4094 1065 4154 16.
1103 4091 1233 4151 cie.
1302 4090 1452 4163 Gap.
1483 4090 1739 4148 XXXIX.
1774 4091 1931 4148 Plur.
1970 4087 2114 4146 Dio.

216 4202 232 4221 .
401 4199 420 4221 .
454 4183 511 4234 2,
615 4203 633 4221 .
730 4182 750 4219 ι
798 4198 821 4220 .
