2675 4642
504 226 519 235 ’
558 244 677 314 422
720 223 2583 303 FREleH.SUPPLEMENTORUMLm.1.xxxv111.

229 439 296 497 U.
329 459 382 499 c.
410 462 536 513 0710.
646 492 655 511 ,
687 449 920 509 XXIX.
963 444 1216 507 Placuit
1247 441 1408 504 haee
1447 441 1785 513 sententia,
1829 442 1966 505 n'on
1991 442 2187 504 modo
2219 439 2576 539 longioris

224 510 294 564 Α·
333 515 401 570 C·
426 519 522 582 ⁴⁸·
568 550 788 591 morae
827 527 1078 597 taedio,
1126 524 1242 591 sed
1275 525 1466 585 etiam
1504 544 1620 608 spe
1655 525 1918 606 grandis
1952 523 2277 594 utilitatis,
2323 543 2394 589 st,
2417 535 2585 583 ,tan-

228 581 340 660 fm‘
372 585 525 639 Μὴ·
571 624 667 674 tas
697 608 970 672 hostium
1000 608 1221 703 copias
1254 625 1575 685 occupare
1605 604 1947 690 improvisi
1969 607 2343 691 potuiss'ent.
2384 603 2583 665 Rha-

187 662 409 711 mm‘m‘
572 692 899 776 scupolidi
927 695 1003 753 L.
1030 688 1317 757 Bibulus.
1343 686 1746 771 adjungitur,
1789 690 1978 752 Bruti
2012 688 2396 771 privignus,
2455 685 2580 769 qui

563 795 785 836 rerum
825 774 1049 834 ha'rum
1086 770 1613 833 commentarium
1649 768 1893 832 edidit:
1938 770 2234 853 datisque
2259 769 2583 829 munito-

561 856 770 928 ribus,
819 869 884 917 et
905 850 1234 937 praesidio
1260 865 1668 924 armatorum,
1717 852 2232 932 praemittuntur.
2317 854 2414 913 Et
2445 850 2585 911 tri-

560 937 684 999 bus
714 935 973 1018 quidem
1006 933 1331 997 continuis
1369 932 1622 1005 diebus,
1670 952 2047 1019 quamquam
2074 933 2426 994 maximum
2465 931 2580 993 in-

559 1031 665 1079 ter
726 1017 1048 1089 laborem,
1122 1012 1374 1077 strenue
1442 1014 1876 1096 pergebatur,
1948 1014 2222 1077 adcensa
2269 1015 2579 1077 militum

558 1099 911 1171 alacritate,
962 1094 1136 1183 quod
1165 1095 1488 1191 praemiss'i
1519 1094 1797 1178 quidam,
1844 1116 1917 1161 se
1950 1094 2219 1158 fluvium
2250 1118 2332 1171 ex
2360 1116 2576 1180 prae·

558 1180 682 1242 alta
737 1180 999 1264 specula
1052 1177 1318 1249 vidiss'e‚
1379 1179 1860 1241 renunciabant.
1949 1177 2080 1240 Sea
2122 1192 2355 1261 quarto
2404 1177 2571 1252 die,

557 1282 754 1345 quum
794 1276 859 1323 et
896 1283 1058 1345 aqua
1092 1256 1445 1330 deficeret,
1493 1272 1558 1320 et
1592 1256 1829 1322 fluvius
1868 1260 2142 1322 necdum
2176 1259 2571 1342 adpareret,

554 1342 998 1428 proditionem
1047 1342 1211 1412 rati,
1272 1340 1818 1422 Rhascupolidem
1866 1342 2347 1426 obequitantem
2390 1340 2573 1402 hor-

554 1438 925 1508 tantemque
957 1422 1272 1487 conviciis
1308 1435 1375 1484 et
1411 1424 1578 1505 saxis
1617 1438 1846 1504 petere
1874 1430 2254 1508 coeperunt,
2296 1437 2569 1485 sortem

559 1527 737 1568 suam
776 1504 1030 1569 moestis
1065 1504 1333 1567 vocibus
1369 1504 1775 1567 miserantes-
1809 1512 1814 1517 *
1871 1508 1987 1578 At,
2030 1504 2268 1567 Bibulo
2301 1526 2564 1590 rogan-

555 1601 661 1660 te,
706 1587 976 1647 durarent
1018 1592 1234 1668 potius,
1295 1605 1350 1645 et
1385 1585 1535 1645 bonis
1575 1609 1691 1645 cum
1729 1588 2028 1659 ominibus,
2073 1589 2216 1667 quod
2238 1588 2562 1668 superesset

557 1668 795 1738 laboris,
841 1686 1199 1749 parag-erent,
1250 1683 1647 1749 receperunt
1681 1668 1946 1741 animoa,
1996 1681 2061 1730 et
2099 1669 2268 1729 eirca
2304 1690 2566 1751 vespe-

557 1771 694 1812 ram
738 1750 871 1813 diei
909 1751 1183 1834 primum
1226 1770 1454 1832 agmen
1502 1750 1578 1810 acl
1619 1770 1865 1810 amnem
1904 1753 2240 1835 pervenit,
2302 1749 2563 1813 statim-

560 1852 686 1915 que
727 1852 884 1915 prae
923 1831 1158 1915 gaudio
1200 1831 1459 1893 sustulit
1499 1833 1878 1910 elamorem3
1938 1832 2086 1915 qui,
2145 1847 2461 1916 exceptus
2515 1857 2557 1896 a

557 1914 877 1996 proximis
907 1913 1427 1996 transditusque,
1475 1915 1849 1986 universas,
1894 1935 2056 1998 quae
2091 1914 2374 1986 aderant,
2420 1935 2552 1976 co·-
2617 1946 2630 1965 ·

558 1990 703 2079 pias'
742 2009 1066 2057 momento
1110 1995 1540 2079 percucurrit.
1621 1998 1861 2057 Brutus
1910 1995 2100 2056 etiam
2146 2010 2331 2081 atque
2377 1998 2549 2059 Cas-

561 2077 853 2221 piusirre
893 2074 1186 2161 cognita,
1229 2095 1354 2165 per
1386 2076 1692 2141 munitam
1731 2076 1876 2138 ante
1914 2077 2078 2142 viam
2116 2079 2247 2141 cito
2279 2078 2550 2162 agmine

524 2174 705 2225 ‘inne
761 2172 973 2222 erunt.

360 850 387 871 O

219 2308 422 2365 Rham·
445 2270 535 2362 ,ω’
677 2281 881 2342 XXX.
925 2284 1062 2343 Nee
1096 2295 1306 2345 tamen
1342 2281 1714 2366 opprimere
1744 2281 2034 2346 Julianus
2065 2281 2310 2344 ‹latumz
2371 2303 2552 2366 quos

182 2366 370 2433 mnia.
560 2362 790 2427 eodem
824 2363 1144 2448 periculo,
1191 2362 1623 2445 quozThracis
1662 2365 1853 2425 unius
1891 2363 2015 2426 astu
2052 2361 2292 2425 irretiti
2323 2381 2545 2441 erant,

553 2446 821 2506 alterius
862 2444 1128 2505 solertia
1162 2444 1528 2528 explicavit.
1616 2445 1947 2517 Rhasum,
2007 2449 2214 2516 frater
2241 2445 2548 2508 Rhascu-

552 2524 830 2610 polidis‚
895 2547 972 2587 ex
1005 2526 1275 2587 insolito
1313 2527 1592 2587 elamore
1626 2527 1730 2598 id,
1793 2528 1970 2611 quod
2004 2541 2178 2601 erat,
2238 2530 2547 2612 suspica-

548 2622 694 2679 tus,
743 2609 1144 2691 exploratum
1179 2606 1275 2668 iit.
1336 2606 1735 2690 miratusque
1776 2610 2000 2672 saltum
2041 2612 2146 2681 vix
2180 2608 2342 2671 :feris
2379 2631 2547 2693 per-

550 2690 724 2751 vium
764 2690 944 2771 signa
979 2688 1278 2750 militaria
1314 2689 1711 2773 perrupiss'e3
1756 2711 1893 2752 rem
1941 2688 2191 2753 omnem
2218 2691 2542 2758 Norbano

554 2769 883 2833 indicavit.
940 2769 1077 2833 llle.
1125 2791 1317 2856 quum
1351 2770 1514 2832 nihil
1546 2770 1782 2833 factum
1822 2773 1977 2835 esset
1999 2773 2293 2857 propiu5‚
2338 2795 2541 2857 quam

543 2865 623 2924 >ut
653 2853 1159 2936 opprimeretur,
1191 2871 1312 2937 per
1348 2853 1671 2915 silentium
1708 2856 1920 2916 noctis
1953 2876 2024 2917 se
2049 2856 2348 2936 recipere
2375 2856 2543 2917 Am-

550 2933 870 3017 phipolim
920 2933 1207 2995 instituit.
1289 2937 1532 3023 Brutus
1574 2936 1945 3016 Cass'iusque
1985 2938 2323 3020 Philippos
2370 2959 2540 3019 pro..

550 3014 709 3078 feeti
765 3031 947 3078 sunt:
1010 3015 1390 3098 eodemque
1423 3031 1486 3078 et
1533 3017 1794 3078 Cimber
1838 3020 2128 3090 Tullius⁹
2189 3032 2254 3080 et
2301 3039 2538 3084 omnes

553 3096 715 3159 aliae
762 3100 1023 3180 copiae,
1098 3119 1253 3181 quas
1311 3100 1391 3161 ab
1445 3099 1735 3161 exercitu
1792 3102 2006 3165 variae
2037 3096 2536 3183 :occupationes

553 3178 991 3242 abstraxerant
1015 3223 1034 3255 ,
1080 3194 1545 3245 convenerunt.
2251 3202 2258 3209 ·

232 3326 510 3400 pam-pm,
671 3303 902 3365 XXXI.
947 3305 1071 3377 Et,
1116 3322 1245 3386 quo
1283 3300 1518 3366 melius
1553 3319 1859 3371 noscatur
1886 3306 2107 3379 loeus,
2149 3309 2261 3372 ubi
2282 3310 2531 3372 Roma..

181 3401 526 3454 ruminum·
551 3404 634 3446 na
682 3384 953 3449 libertas
1007 3384 1088 3446 ad
1144 3397 1499 3446 extremum
1554 3387 1713 3448 elisa
1757 3385 1881 3458 est,
1944 3387 2287 3475 Philippos
2333 3406 2533 3456 vetus

175 3471 266 3524 cta
292 3470 454 3522 situs.
552 3479 726 3528 aetas
759 3470 973 3528 Datum
1014 3465 1397 3549 appellavit,
1441 3467 1603 3529 felix
1638 3489 1831 3551 agro,
1876 3468 2039 3531 felix
2074 3474 2212 3533 auri
2243 3475 2535 3538 metallis

552 3546 884 3629 oppidum,
930 3562 995 3610 et
1030 3558 1384 3630 eapropter
1414 3549 1770 3632 proverbio
1800 3551 2213 3616 celebratum.
2272 3556 2449 3618 idem
2490 3578 2532 3618 a

547 3630 961 3692 multitudine
1006 3629 1282 3691 fontium
1312 3631 1580 3691 Crenides
1615 3632 1998 3695 vocabatur:
2043 3657 2259 3720 quum,
2296 3660 2330 3699 a
2358 3637 2530 3699 Phi-

548 3709 732 3793 lippo
779 3714 1086 3794 Amyntae
1141 3708 1280 3772 filio
1333 3710 1808 3795 hequentatum
1861 3714 2328 3782 habitatoribus
2352 3762 2369 3793 ‚
2441 3720 2525 3781 ab

549 3790 714 3875 hoe,
774 3807 1091 3880 tamquam
1126 3811 1298 3855 novo
1342 3793 1720 3871 conditore,
1780 3818 2016 3862 reeens
2058 3820 2292 3863 nomen
2330 3801 2532 3866 adee-

604 3974 764 4053 'Cap.
799 3980 1000 4038 XXIX.
1038 3983 1192 4039 Plut.
1228 3984 1395 4036 Brut.
1427 4001 1479 4037 c.
1510 3983 1594 4040 18.
1643 3983 1901 4058 Appiani.
1956 3988 2108 4044 Plut.
2146 3990 2312 4045 Brut.
2346 4008 2398 4043 e.
2429 3990 2530 4058 54.

551 4048 697 4121 Cap.
731 4052 903 4107 XXX.
941 4050 1078 4108 Dio.
1116 4050 1368 4138 Appiani.
1409 4053 1562 4136 Plut.
1590 4053 1857 4130 Appiam.
1928 4058 2075 4133 Cap.
2104 4058 2307 4117 xxxl.
2353 4059 2529 4117 Stra-

548 4116 653 4188 bo,
688 4122 918 4193 Fragm.
955 4122 998 4177 l.
1032 4141 1088 4192 7.
1126 4121 1356 4182 smdas.
1390 4121 1645 4199 Appian-
1765 4150 1774 4159 κ
2415 4182 2421 4188 .
