<?xml version="1.0" encoding="UTF-8"?>
<!DOCTYPE html PUBLIC "-//W3C//DTD XHTML 1.0 Transitional//EN"
    "http://www.w3.org/TR/xhtml1/DTD/xhtml1-transitional.dtd">
<html xmlns="http://www.w3.org/1999/xhtml" xml:lang="en" lang="en">
 <head>
  <title>
</title>
<meta http-equiv="Content-Type" content="text/html;charset=utf-8" />
  <meta name='ocr-system' content='tesseract 3.04.00' />
  <meta name='ocr-capabilities' content='ocr_page ocr_carea ocr_par ocr_line ocrx_word'/>
</head>
<body>
  <div class='ocr_page' id='page_1' title='image "./tliviipatavinih18unkngoog_0016.png"; bbox 0 0 2675 4642; ppageno 0'>
   <div class='ocr_carea' id='block_1_1' title="bbox 599 194 2580 297">
    <p class='ocr_par' dir='ltr' id='par_1_1' title="bbox 599 194 2580 297">
     <span class='ocr_line' id='line_1_1' title="bbox 599 194 2580 297; baseline -0.008 -2"><span class='ocrx_word' id='word_1_1' title='bbox 599 249 674 295; x_wconf 75' lang='lat' dir='ltr'><strong>to</strong></span> <span class='ocrx_word' id='word_1_2' title='bbox 746 194 2024 297; x_wconf 61' lang='lat' dir='ltr'><strong>Faetususnrrtmwronum</strong></span> <span class='ocrx_word' id='word_1_3' title='bbox 2054 223 2524 292; x_wconf 58' lang='lat' dir='ltr'><strong>mexxw.</strong></span> <span class='ocrx_word' id='word_1_4' title='bbox 2573 270 2580 279; x_wconf 81' lang='grc'><em>,</em></span> 
     </span>
    </p>
   </div>
   <div class='ocr_carea' id='block_1_2' title="bbox 586 360 2586 391">
    <p class='ocr_par' dir='ltr' id='par_1_2' title="bbox 586 360 2586 391">
     <span class='ocr_line' id='line_1_2' title="bbox 586 360 2586 391; baseline 0 4251"><span class='ocrx_word' id='word_1_5' title='bbox 586 360 2586 391; x_wconf 95' lang='lat' dir='ltr'><strong> </strong></span> 
     </span>
    </p>
   </div>
   <div class='ocr_carea' id='block_1_3' title="bbox 341 438 2630 1593">
    <p class='ocr_par' dir='ltr' id='par_1_3' title="bbox 341 438 2630 1593">
     <span class='ocr_line' id='line_1_3' title="bbox 341 438 2594 526; baseline -0.001 -19"><span class='ocrx_word' id='word_1_6' title='bbox 341 440 538 507; x_wconf 73' lang='lat'><strong>0&#39;0&#39;702·</strong></span> <span class='ocrx_word' id='word_1_7' title='bbox 597 445 834 519; x_wconf 73' lang='lat' dir='ltr'><strong>circat,</strong></span> <span class='ocrx_word' id='word_1_8' title='bbox 879 442 1222 506; x_wconf 83' lang='lat' dir='ltr'><strong>indicabat.</strong></span> <span class='ocrx_word' id='word_1_9' title='bbox 1291 441 1467 503; x_wconf 89' lang='lat' dir='ltr'><strong>unde</strong></span> <span class='ocrx_word' id='word_1_10' title='bbox 1509 444 1698 504; x_wconf 88' lang='lat' dir='ltr'><strong>etiam</strong></span> <span class='ocrx_word' id='word_1_11' title='bbox 1739 441 1921 514; x_wconf 85' lang='lat' dir='ltr'><strong>dies,</strong></span> <span class='ocrx_word' id='word_1_12' title='bbox 1969 442 2082 525; x_wconf 91' lang='lat' dir='ltr'><strong>qui</strong></span> <span class='ocrx_word' id='word_1_13' title='bbox 2112 438 2594 526; x_wconf 73' lang='lat' dir='ltr'><strong>primus·cala-&#39;</strong></span> 
     </span>
     <span class='ocr_line' id='line_1_4' title="bbox 349 511 2630 620; baseline -0 -32"><span class='ocrx_word' id='word_1_14' title='bbox 349 511 417 567; x_wconf 71' lang='lat' dir='ltr'><strong>G·</strong></span> <span class='ocrx_word' id='word_1_15' title='bbox 442 514 535 569; x_wconf 80' lang='lat'><strong>5⁰·</strong></span> <span class='ocrx_word' id='word_1_16' title='bbox 595 524 818 607; x_wconf 57' lang='lat' dir='ltr'><strong>batur‘,</strong></span> <span class='ocrx_word' id='word_1_17' title='bbox 861 526 1245 586; x_wconf 56' lang='lat' dir='ltr'><strong>Kalendarum</strong></span> <span class='ocrx_word' id='word_1_18' title='bbox 1284 543 1522 586; x_wconf 86' lang='lat' dir='ltr'><strong>nomen</strong></span> <span class='ocrx_word' id='word_1_19' title='bbox 1563 524 1870 585; x_wconf 82' lang='lat' dir='ltr'><strong>retinuit:</strong></span> <span class='ocrx_word' id='word_1_20' title='bbox 1926 537 2024 596; x_wconf 88' lang='lat' dir='ltr'><strong>et,</strong></span> <span class='ocrx_word' id='word_1_21' title='bbox 2067 524 2370 620; x_wconf 80' lang='lat' dir='ltr'><strong>quoniam</strong></span> <span class='ocrx_word' id='word_1_22' title='bbox 2405 526 2587 586; x_wconf 85' lang='lat' dir='ltr'><strong>alio·-</strong></span> <span class='ocrx_word' id='word_1_23' title='bbox 2613 556 2630 562; x_wconf 85' lang='lat'><strong>·</strong></span> 
     </span>
     <span class='ocr_line' id='line_1_5' title="bbox 593 597 2610 690; baseline -0.001 -20"><span class='ocrx_word' id='word_1_24' title='bbox 593 629 740 670; x_wconf 90' lang='lat' dir='ltr'><strong>rum</strong></span> <span class='ocrx_word' id='word_1_25' title='bbox 780 607 1098 687; x_wconf 76' lang='lat' dir='ltr'><strong>mensium</strong></span> <span class='ocrx_word' id='word_1_26' title='bbox 1138 604 1483 689; x_wconf 79' lang='lat' dir='ltr'><strong>quintanae</strong></span> <span class='ocrx_word' id='word_1_27' title='bbox 1522 618 1686 669; x_wconf 83' lang='lat' dir='ltr'><strong>sunt.</strong></span> <span class='ocrx_word' id='word_1_28' title='bbox 1711 597 1970 678; x_wconf 83' lang='lat' dir='ltr'><strong>Nonae,</strong></span> <span class='ocrx_word' id='word_1_29' title='bbox 2037 607 2309 667; x_wconf 73' lang='lat' dir='ltr'><strong>aliorum</strong></span> <span class='ocrx_word' id='word_1_30' title='bbox 2366 607 2610 690; x_wconf 76' lang='lat' dir='ltr'><strong>septi-¹</strong></span> 
     </span>
     <span class='ocr_line' id='line_1_6' title="bbox 589 687 2584 771; baseline -0.001 -20"><span class='ocrx_word' id='word_1_31' title='bbox 589 710 859 763; x_wconf 78' lang='lat' dir='ltr'><strong>manae,</strong></span> <span class='ocrx_word' id='word_1_32' title='bbox 915 688 1238 750; x_wconf 85' lang='lat' dir='ltr'><strong>calabatur</strong></span> <span class='ocrx_word' id='word_1_33' title='bbox 1276 707 1421 749; x_wconf 90' lang='lat' dir='ltr'><strong>cum</strong></span> <span class='ocrx_word' id='word_1_34' title='bbox 1455 687 1586 749; x_wconf 90' lang='lat' dir='ltr'><strong>hoc</strong></span> <span class='ocrx_word' id='word_1_35' title='bbox 1625 687 2041 762; x_wconf 83' lang='lat' dir='ltr'><strong>discrimine,</strong></span> <span class='ocrx_word' id='word_1_36' title='bbox 2100 701 2170 749; x_wconf 92' lang='lat' dir='ltr'><strong>ut</strong></span> <span class='ocrx_word' id='word_1_37' title='bbox 2205 689 2584 771; x_wconf 62' lang='lat' dir='ltr'><strong>pro‘ratio-</strong></span> 
     </span>
     <span class='ocr_line' id='line_1_7' title="bbox 588 768 2579 851; baseline -0.002 -16"><span class='ocrx_word' id='word_1_38' title='bbox 588 792 675 835; x_wconf 81' lang='lat' dir='ltr'><strong>ne</strong></span> <span class='ocrx_word' id='word_1_39' title='bbox 708 773 951 834; x_wconf 81' lang='lat' dir='ltr'><strong>mensis</strong></span> <span class='ocrx_word' id='word_1_40' title='bbox 972 813 990 844; x_wconf 92' lang='lat'><strong>,</strong></span> <span class='ocrx_word' id='word_1_41' title='bbox 1059 782 1204 842; x_wconf 83' lang='lat' dir='ltr'><strong>aut,</strong></span> <span class='ocrx_word' id='word_1_42' title='bbox 1257 772 1375 829; x_wconf 84' lang='lat' dir='ltr'><strong>dies</strong></span> <span class='ocrx_word' id='word_1_43' title='bbox 1418 789 1471 829; x_wconf 87' lang='lat' dir='ltr'><strong>te</strong></span> <span class='ocrx_word' id='word_1_44' title='bbox 1506 774 1742 851; x_wconf 82' lang='lat' dir='ltr'><strong>quinque</strong></span> <span class='ocrx_word' id='word_1_45' title='bbox 1774 770 1888 830; x_wconf 88' lang='lat' dir='ltr'><strong>calo</strong></span> <span class='ocrx_word' id='word_1_46' title='bbox 1923 769 2085 845; x_wconf 84' lang='lat' dir='ltr'><strong>Juno</strong></span> <span class='ocrx_word' id='word_1_47' title='bbox 2119 768 2367 843; x_wconf 77' lang='lat' dir='ltr'><strong>novella,</strong></span> <span class='ocrx_word' id='word_1_48' title='bbox 2423 783 2579 845; x_wconf 85' lang='lat' dir='ltr'><strong>aut,</strong></span> 
     </span>
     <span class='ocr_line' id='line_1_8' title="bbox 573 844 2588 940; baseline -0.004 -26"><span class='ocrx_word' id='word_1_49' title='bbox 573 856 785 940; x_wconf 78' lang='lat' dir='ltr'><strong>septem</strong></span> <span class='ocrx_word' id='word_1_50' title='bbox 823 855 940 915; x_wconf 75' lang='lat' dir='ltr'><strong>dies</strong></span> <span class='ocrx_word' id='word_1_51' title='bbox 978 873 1031 912; x_wconf 80' lang='lat' dir='ltr'><strong>te</strong></span> <span class='ocrx_word' id='word_1_52' title='bbox 1067 844 1181 912; x_wconf 79' lang='lat' dir='ltr'><strong>ca&#39;lo</strong></span> <span class='ocrx_word' id='word_1_53' title='bbox 1215 849 1377 927; x_wconf 72' lang='lat' dir='ltr'><strong>Juvo</strong></span> <span class='ocrx_word' id='word_1_54' title='bbox 1413 850 1660 925; x_wconf 79' lang='lat' dir='ltr'><strong>novella,</strong></span> <span class='ocrx_word' id='word_1_55' title='bbox 1716 850 2282 937; x_wconf 84' lang='lat' dir='ltr'><strong>pronunciaretur.</strong></span> <span class='ocrx_word' id='word_1_56' title='bbox 2372 853 2588 914; x_wconf 73' lang='lat' dir='ltr'><strong>Cete-</strong></span> 
     </span>
     <span class='ocr_line' id='line_1_9' title="bbox 586 932 2589 1019; baseline -0.002 -19"><span class='ocrx_word' id='word_1_57' title='bbox 586 957 735 1000; x_wconf 80' lang='lat' dir='ltr'><strong>rum</strong></span> <span class='ocrx_word' id='word_1_58' title='bbox 768 957 899 998; x_wconf 90' lang='lat' dir='ltr'><strong>non</strong></span> <span class='ocrx_word' id='word_1_59' title='bbox 938 933 1214 1017; x_wconf 85' lang='lat' dir='ltr'><strong>singulis</strong></span> <span class='ocrx_word' id='word_1_60' title='bbox 1251 932 1471 1006; x_wconf 88' lang='lat' dir='ltr'><strong>annis,</strong></span> <span class='ocrx_word' id='word_1_61' title='bbox 1515 933 1629 997; x_wconf 87' lang='lat' dir='ltr'><strong>sed</strong></span> <span class='ocrx_word' id='word_1_62' title='bbox 1659 955 1782 1019; x_wconf 91' lang='lat' dir='ltr'><strong>per</strong></span> <span class='ocrx_word' id='word_1_63' title='bbox 1807 935 2143 1008; x_wconf 90' lang='lat' dir='ltr'><strong>octennia,</strong></span> <span class='ocrx_word' id='word_1_64' title='bbox 2188 934 2589 997; x_wconf 86' lang='lat' dir='ltr'><strong>moris-erat</strong></span> 
     </span>
     <span class='ocr_line' id='line_1_10' title="bbox 561 1016 2586 1102; baseline -0.002 -22"><span class='ocrx_word' id='word_1_65' title='bbox 561 1016 994 1080; x_wconf 73' lang='lat' dir='ltr'><strong>&#39;intercalariz</strong></span> <span class='ocrx_word' id='word_1_66' title='bbox 1057 1019 1262 1098; x_wconf 84' lang='lat' dir='ltr'><strong>ea&#39;que</strong></span> <span class='ocrx_word' id='word_1_67' title='bbox 1305 1017 1446 1097; x_wconf 87' lang='lat' dir='ltr'><strong>ipsa</strong></span> <span class='ocrx_word' id='word_1_68' title='bbox 1485 1036 1592 1077; x_wconf 89' lang='lat' dir='ltr'><strong>res</strong></span> <span class='ocrx_word' id='word_1_69' title='bbox 1623 1016 2008 1102; x_wconf 81' lang='lat' dir='ltr'><strong>quandoque</strong></span> <span class='ocrx_word' id='word_1_70' title='bbox 2036 1029 2309 1101; x_wconf 88' lang='lat' dir='ltr'><strong>propter</strong></span> <span class='ocrx_word' id='word_1_71' title='bbox 2337 1039 2411 1078; x_wconf 90' lang='lat' dir='ltr'><strong>su</strong></span> <span class='ocrx_word' id='word_1_72' title='bbox 2462 1036 2586 1078; x_wconf 86' lang='lat' dir='ltr'><strong>er-</strong></span> 
     </span>
     <span class='ocr_line' id='line_1_11' title="bbox 586 1098 2590 1182; baseline -0.001 -19"><span class='ocrx_word' id='word_1_73' title='bbox 586 1098 909 1163; x_wconf 81' lang='lat' dir='ltr'><strong>ssitionem</strong></span> <span class='ocrx_word' id='word_1_74' title='bbox 943 1098 1160 1159; x_wconf 81' lang='lat' dir='ltr'><strong>orniss&#39;a</strong></span> <span class='ocrx_word' id='word_1_75' title='bbox 1196 1111 1369 1158; x_wconf 85' lang='lat' dir='ltr'><strong>erat:</strong></span> <span class='ocrx_word' id='word_1_76' title='bbox 1428 1118 1900 1181; x_wconf 82' lang='lat' dir='ltr'><strong>nonnumquam</strong></span> <span class='ocrx_word' id='word_1_77' title='bbox 1929 1119 2091 1160; x_wconf 81' lang='lat' dir='ltr'><strong>vero</strong></span> <span class='ocrx_word' id='word_1_78' title='bbox 2120 1099 2406 1182; x_wconf 88' lang='lat' dir='ltr'><strong>intempe</strong></span> <span class='ocrx_word' id='word_1_79' title='bbox 2453 1099 2590 1161; x_wconf 73' lang='lat' dir='ltr'><strong>ive</strong></span> 
     </span>
     <span class='ocr_line' id='line_1_12' title="bbox 580 1176 2590 1265; baseline -0.001 -22"><span class='ocrx_word' id='word_1_80' title='bbox 580 1196 928 1265; x_wconf 77' lang='lat' dir='ltr'><strong>usurpata,</strong></span> <span class='ocrx_word' id='word_1_81' title='bbox 979 1198 1173 1263; x_wconf 80' lang='lat' dir='ltr'><strong>quum</strong></span> <span class='ocrx_word' id='word_1_82' title='bbox 1207 1178 1699 1262; x_wconf 74' lang='lat' dir='ltr'><strong>publicanorum</strong></span> <span class='ocrx_word' id='word_1_83' title='bbox 1739 1176 2079 1265; x_wconf 77' lang='lat' dir='ltr'><strong>cupiditati</strong></span> <span class='ocrx_word' id='word_1_84' title='bbox 2113 1180 2370 1264; x_wconf 87' lang='lat' dir='ltr'><strong>quidam</strong></span> <span class='ocrx_word' id='word_1_85' title='bbox 2405 1199 2590 1263; x_wconf 69' lang='lat' dir='ltr'><strong>pon·-⁴</strong></span> 
     </span>
     <span class='ocr_line' id='line_1_13' title="bbox 584 1258 2587 1346; baseline -0.001 -22"><span class='ocrx_word' id='word_1_86' title='bbox 584 1261 801 1325; x_wconf 84' lang='lat' dir='ltr'><strong>tifices</strong></span> <span class='ocrx_word' id='word_1_87' title='bbox 836 1259 1212 1346; x_wconf 81' lang='lat' dir='ltr'><strong>gratificati,</strong></span> <span class='ocrx_word' id='word_1_88' title='bbox 1322 1258 1760 1322; x_wconf 80' lang='lat' dir='ltr'><strong>reductiorem</strong></span> <span class='ocrx_word' id='word_1_89' title='bbox 1796 1276 1903 1323; x_wconf 89' lang='lat' dir='ltr'><strong>aut</strong></span> <span class='ocrx_word' id='word_1_90' title='bbox 1935 1261 2302 1323; x_wconf 86' lang='lat' dir='ltr'><strong>breviorem</strong></span> <span class='ocrx_word' id='word_1_91' title='bbox 2338 1280 2587 1323; x_wconf 82' lang='lat' dir='ltr'><strong>annum</strong></span> 
     </span>
     <span class='ocr_line' id='line_1_14' title="bbox 587 1338 2587 1417; baseline -0.002 -10"><span class='ocrx_word' id='word_1_92' title='bbox 587 1365 671 1407; x_wconf 82' lang='lat' dir='ltr'><strong>ex</strong></span> <span class='ocrx_word' id='word_1_93' title='bbox 711 1344 973 1407; x_wconf 89' lang='lat' dir='ltr'><strong>illorum</strong></span> <span class='ocrx_word' id='word_1_94' title='bbox 1017 1362 1267 1404; x_wconf 89' lang='lat' dir='ltr'><strong>commo</strong></span> <span class='ocrx_word' id='word_1_95' title='bbox 1318 1363 1358 1403; x_wconf 92' lang='lat' dir='ltr'><strong>o</strong></span> <span class='ocrx_word' id='word_1_96' title='bbox 1394 1338 1708 1404; x_wconf 73' lang='lat' dir='ltr'><strong>sacal-ent.</strong></span> <span class='ocrx_word' id='word_1_97' title='bbox 1793 1349 1940 1409; x_wconf 87' lang='lat' dir='ltr'><strong>Non</strong></span> <span class='ocrx_word' id='word_1_98' title='bbox 1980 1344 2109 1406; x_wconf 86' lang='lat' dir='ltr'><strong>alio</strong></span> <span class='ocrx_word' id='word_1_99' title='bbox 2144 1357 2362 1417; x_wconf 52' lang='lat' dir='ltr'><strong>autem„</strong></span> <span class='ocrx_word' id='word_1_100' title='bbox 2390 1363 2587 1404; x_wconf 87' lang='lat' dir='ltr'><strong>men-</strong></span> 
     </span>
     <span class='ocr_line' id='line_1_15' title="bbox 488 1423 2592 1510; baseline 0 -22"><span class='ocrx_word' id='word_1_101' title='bbox 488 1490 497 1499; x_wconf 72' lang='lat'><strong>,</strong></span> <span class='ocrx_word' id='word_1_102' title='bbox 589 1447 699 1500; x_wconf 84' lang='lat' dir='ltr'><strong>se,</strong></span> <span class='ocrx_word' id='word_1_103' title='bbox 750 1448 938 1510; x_wconf 83' lang='lat' dir='ltr'><strong>quam</strong></span> <span class='ocrx_word' id='word_1_104' title='bbox 966 1423 1364 1499; x_wconf 80' lang='lat' dir='ltr'><strong>Februario,</strong></span> <span class='ocrx_word' id='word_1_105' title='bbox 1422 1424 1796 1487; x_wconf 79' lang='lat' dir='ltr'><strong>intercalari</strong></span> <span class='ocrx_word' id='word_1_106' title='bbox 1830 1425 1930 1489; x_wconf 85' lang='lat' dir='ltr'><strong>fas</strong></span> <span class='ocrx_word' id='word_1_107' title='bbox 1966 1438 2138 1501; x_wconf 88' lang='lat' dir='ltr'><strong>erat,</strong></span> <span class='ocrx_word' id='word_1_108' title='bbox 2183 1425 2592 1488; x_wconf 82' lang='lat' dir='ltr'><strong>Terminali-</strong></span> 
     </span>
     <span class='ocr_line' id='line_1_16' title="bbox 586 1507 1291 1593; baseline -0.009 -22"><span class='ocrx_word' id='word_1_109' title='bbox 586 1508 709 1571; x_wconf 85' lang='lat' dir='ltr'><strong>bus</strong></span> <span class='ocrx_word' id='word_1_110' title='bbox 747 1508 871 1588; x_wconf 88' lang='lat' dir='ltr'><strong>jam</strong></span> <span class='ocrx_word' id='word_1_111' title='bbox 904 1507 1215 1592; x_wconf 77' lang='lat' dir='ltr'><strong>peractis·</strong></span> <span class='ocrx_word' id='word_1_112' title='bbox 1286 1587 1291 1593; x_wconf 21' lang='lat' dir='ltr'><strong>q</strong></span> 
     </span>
    </p>
   </div>
   <div class='ocr_carea' id='block_1_4' title="bbox 246 440 327 566">
    <p class='ocr_par' dir='ltr' id='par_1_4' title="bbox 246 440 327 566">
     <span class='ocr_line' id='line_1_17' title="bbox 246 440 327 496; baseline -0.012 0"><span class='ocrx_word' id='word_1_113' title='bbox 246 440 327 496; x_wconf 77' lang='lat' dir='ltr'><strong>n.</strong></span> 
     </span>
     <span class='ocr_line' id='line_1_18' title="bbox 252 512 326 566; baseline -0.027 0"><span class='ocrx_word' id='word_1_114' title='bbox 252 512 326 566; x_wconf 71' lang='lat' dir='ltr'><strong>A.</strong></span> 
     </span>
    </p>
   </div>
   <div class='ocr_carea' id='block_1_5' title="bbox 215 1627 2610 3264">
    <p class='ocr_par' dir='ltr' id='par_1_5' title="bbox 586 1627 2599 1959">
     <span class='ocr_line' id='line_1_19' title="bbox 712 1627 2590 1714; baseline -0.003 -19"><span class='ocrx_word' id='word_1_115' title='bbox 712 1631 855 1695; x_wconf 82' lang='lat' dir='ltr'><strong>Vll.</strong></span> <span class='ocrx_word' id='word_1_116' title='bbox 918 1628 989 1693; x_wconf 86' lang='lat' dir='ltr'><strong>ld</strong></span> <span class='ocrx_word' id='word_1_117' title='bbox 1028 1650 1109 1690; x_wconf 89' lang='lat' dir='ltr'><strong>eo</strong></span> <span class='ocrx_word' id='word_1_118' title='bbox 1146 1648 1408 1711; x_wconf 89' lang='lat' dir='ltr'><strong>quoque</strong></span> <span class='ocrx_word' id='word_1_119' title='bbox 1447 1644 1613 1690; x_wconf 79' lang='lat' dir='ltr'><strong>anno</strong></span> <span class='ocrx_word' id='word_1_120' title='bbox 1651 1627 1800 1691; x_wconf 85' lang='lat' dir='ltr'><strong>fieri</strong></span> <span class='ocrx_word' id='word_1_121' title='bbox 1830 1630 2029 1692; x_wconf 86' lang='lat' dir='ltr'><strong>Curio</strong></span> <span class='ocrx_word' id='word_1_122' title='bbox 2068 1650 2262 1714; x_wconf 89' lang='lat' dir='ltr'><strong>quum</strong></span> <span class='ocrx_word' id='word_1_123' title='bbox 2299 1627 2590 1713; x_wconf 75' lang='lat' dir='ltr'><strong>postula-</strong></span> 
     </span>
     <span class='ocr_line' id='line_1_20' title="bbox 586 1711 2589 1795; baseline -0.001 -20"><span class='ocrx_word' id='word_1_124' title='bbox 586 1726 729 1784; x_wconf 80' lang='lat' dir='ltr'><strong>ret,</strong></span> <span class='ocrx_word' id='word_1_125' title='bbox 774 1732 903 1771; x_wconf 89' lang='lat' dir='ltr'><strong>non</strong></span> <span class='ocrx_word' id='word_1_126' title='bbox 945 1711 1255 1795; x_wconf 80' lang='lat' dir='ltr'><strong>ignorans</strong></span> <span class='ocrx_word' id='word_1_127' title='bbox 1298 1711 1577 1772; x_wconf 87' lang='lat' dir='ltr'><strong>alienum</strong></span> <span class='ocrx_word' id='word_1_128' title='bbox 1614 1713 2006 1793; x_wconf 86' lang='lat' dir='ltr'><strong>ess&#39;e,·(nam</strong></span> <span class='ocrx_word' id='word_1_129' title='bbox 2043 1726 2108 1775; x_wconf 89' lang='lat' dir='ltr'><strong>et</strong></span> <span class='ocrx_word' id='word_1_130' title='bbox 2142 1712 2286 1795; x_wconf 88' lang='lat' dir='ltr'><strong>ipse</strong></span> <span class='ocrx_word' id='word_1_131' title='bbox 2322 1724 2462 1773; x_wconf 88' lang='lat' dir='ltr'><strong>erat</strong></span> <span class='ocrx_word' id='word_1_132' title='bbox 2494 1731 2589 1773; x_wconf 85' lang='lat' dir='ltr'><strong>eo</strong></span> 
     </span>
     <span class='ocr_line' id='line_1_21' title="bbox 593 1791 2599 1876; baseline -0.001 -21"><span class='ocrx_word' id='word_1_133' title='bbox 593 1791 965 1875; x_wconf 73' lang='lat' dir='ltr'><strong>sacerdotio</strong></span> <span class='ocrx_word' id='word_1_134' title='bbox 1025 1791 1401 1876; x_wconf 88' lang='lat' dir='ltr'><strong>praeditus)</strong></span> <span class='ocrx_word' id='word_1_135' title='bbox 1457 1794 1664 1855; x_wconf 89' lang='lat' dir='ltr'><strong>ceteri</strong></span> <span class='ocrx_word' id='word_1_136' title='bbox 1719 1793 2066 1876; x_wconf 83' lang='lat' dir='ltr'><strong>pontifices</strong></span> <span class='ocrx_word' id='word_1_137' title='bbox 2121 1793 2599 1870; x_wconf 60' lang='lat' dir='ltr'><strong>reclamabant,</strong></span> 
     </span>
     <span class='ocr_line' id='line_1_22' title="bbox 590 1873 2594 1959; baseline -0.001 -22"><span class='ocrx_word' id='word_1_138' title='bbox 590 1874 818 1959; x_wconf 82' lang='lat' dir='ltr'><strong>Igitur,</strong></span> <span class='ocrx_word' id='word_1_139' title='bbox 852 1894 1046 1956; x_wconf 89' lang='lat' dir='ltr'><strong>quum</strong></span> <span class='ocrx_word' id='word_1_140' title='bbox 1076 1873 1364 1937; x_wconf 84' lang='lat' dir='ltr'><strong>obtineri</strong></span> <span class='ocrx_word' id='word_1_141' title='bbox 1392 1894 1523 1935; x_wconf 90' lang='lat' dir='ltr'><strong>non</strong></span> <span class='ocrx_word' id='word_1_142' title='bbox 1551 1875 1758 1958; x_wconf 81' lang='lat' dir='ltr'><strong>poss&#39;et</strong></span> <span class='ocrx_word' id='word_1_143' title='bbox 1783 1874 1868 1935; x_wconf 93' lang='lat' dir='ltr'><strong>de</strong></span> <span class='ocrx_word' id='word_1_144' title='bbox 1894 1874 2403 1947; x_wconf 80' lang='lat' dir='ltr'><strong>intercalatione,</strong></span> <span class='ocrx_word' id='word_1_145' title='bbox 2429 1876 2594 1953; x_wconf 88' lang='lat' dir='ltr'><strong>(ne-</strong></span> 
     </span>
    </p>

    <p class='ocr_par' dir='ltr' id='par_1_6' title="bbox 215 1954 2599 2284">
     <span class='ocr_line' id='line_1_23' title="bbox 341 1954 2595 2043; baseline -0 -26"><span class='ocrx_word' id='word_1_146' title='bbox 341 2027 357 2042; x_wconf 46' lang='lat'><strong>.</strong></span> <span class='ocrx_word' id='word_1_147' title='bbox 595 1976 725 2041; x_wconf 89' lang='lat' dir='ltr'><strong>que</strong></span> <span class='ocrx_word' id='word_1_148' title='bbox 768 1954 962 2016; x_wconf 89' lang='lat' dir='ltr'><strong>etiam</strong></span> <span class='ocrx_word' id='word_1_149' title='bbox 999 1955 1127 2016; x_wconf 87' lang='lat' dir='ltr'><strong>hoc</strong></span> <span class='ocrx_word' id='word_1_150' title='bbox 1166 1954 1467 2035; x_wconf 82' lang='lat' dir='ltr'><strong>volebat)</strong></span> <span class='ocrx_word' id='word_1_151' title='bbox 1513 1958 1700 2043; x_wconf 84' lang='lat' dir='ltr'><strong>quasi</strong></span> <span class='ocrx_word' id='word_1_152' title='bbox 1738 1977 1860 2040; x_wconf 90' lang='lat' dir='ltr'><strong>per</strong></span> <span class='ocrx_word' id='word_1_153' title='bbox 1899 1958 2061 2018; x_wconf 89' lang='lat' dir='ltr'><strong>iram</strong></span> <span class='ocrx_word' id='word_1_154' title='bbox 2096 1978 2180 2018; x_wconf 90' lang='lat' dir='ltr'><strong>ne</strong></span> <span class='ocrx_word' id='word_1_155' title='bbox 2216 1969 2595 2018; x_wconf 85' lang='lat' dir='ltr'><strong>ceterarum</strong></span> 
     </span>
     <span class='ocr_line' id='line_1_24' title="bbox 224 2025 2592 2122; baseline 0.001 -26"><span class='ocrx_word' id='word_1_156' title='bbox 224 2028 383 2082; x_wconf 60' lang='lat' dir='ltr'><strong>0¹⁸?st</strong></span> <span class='ocrx_word' id='word_1_157' title='bbox 396 2025 570 2101; x_wconf 51' lang='lat' dir='ltr'><strong>rafim</strong></span> <span class='ocrx_word' id='word_1_158' title='bbox 598 2036 862 2122; x_wconf 89' lang='lat' dir='ltr'><strong>quidem</strong></span> <span class='ocrx_word' id='word_1_159' title='bbox 897 2057 1116 2098; x_wconf 88' lang='lat' dir='ltr'><strong>rerum</strong></span> <span class='ocrx_word' id='word_1_160' title='bbox 1154 2035 1504 2120; x_wconf 85' lang='lat' dir='ltr'><strong>quidquam</strong></span> <span class='ocrx_word' id='word_1_161' title='bbox 1540 2038 1645 2121; x_wconf 82' lang='lat' dir='ltr'><strong>agi</strong></span> <span class='ocrx_word' id='word_1_162' title='bbox 1678 2038 1888 2122; x_wconf 82' lang='lat' dir='ltr'><strong>pass&#39;us</strong></span> <span class='ocrx_word' id='word_1_163' title='bbox 1925 2038 2034 2100; x_wconf 82' lang='lat' dir='ltr'><strong>est.</strong></span> <span class='ocrx_word' id='word_1_164' title='bbox 2102 2040 2255 2099; x_wconf 83' lang='lat' dir='ltr'><strong>Mox</strong></span> <span class='ocrx_word' id='word_1_165' title='bbox 2286 2036 2592 2121; x_wconf 75' lang='lat' dir='ltr'><strong>apertius</strong></span> 
     </span>
     <span class='ocr_line' id='line_1_25' title="bbox 215 2098 2594 2220; baseline 0.002 -43"><span class='ocrx_word' id='word_1_166' title='bbox 215 2115 318 2220; x_wconf 58' lang='lat' dir='ltr'><strong>fn</strong></span> <span class='ocrx_word' id='word_1_167' title='bbox 340 2098 572 2217; x_wconf 57' lang='lat' dir='ltr'><strong>‘ff‘un</strong></span> <span class='ocrx_word' id='word_1_168' title='bbox 595 2139 719 2214; x_wconf 88' lang='lat' dir='ltr'><strong>pro</strong></span> <span class='ocrx_word' id='word_1_169' title='bbox 748 2116 1030 2180; x_wconf 85' lang='lat' dir='ltr'><strong>Caesare</strong></span> <span class='ocrx_word' id='word_1_170' title='bbox 1063 2117 1277 2201; x_wconf 90' lang='lat' dir='ltr'><strong>loqui,</strong></span> <span class='ocrx_word' id='word_1_171' title='bbox 1326 2124 1426 2192; x_wconf 88' lang='lat' dir='ltr'><strong>et,</strong></span> <span class='ocrx_word' id='word_1_172' title='bbox 1471 2140 1601 2203; x_wconf 94' lang='lat' dir='ltr'><strong>quo</strong></span> <span class='ocrx_word' id='word_1_173' title='bbox 1631 2122 1913 2203; x_wconf 36' lang='lat' dir='ltr'><strong>agitaret·</strong></span> <span class='ocrx_word' id='word_1_174' title='bbox 1939 2118 2303 2204; x_wconf 81' lang='lat' dir='ltr'><strong>optimates,</strong></span> <span class='ocrx_word' id='word_1_175' title='bbox 2349 2119 2594 2181; x_wconf 78' lang='lat' dir='ltr'><strong>multas</strong></span> 
     </span>
     <span class='ocr_line' id='line_1_26' title="bbox 248 2180 2599 2284; baseline 0 -23"><span class='ocrx_word' id='word_1_176' title='bbox 248 2180 368 2238; x_wconf 83' lang='lat' dir='ltr'><strong>oqm</strong></span> <span class='ocrx_word' id='word_1_177' title='bbox 399 2180 491 2217; x_wconf 52' lang='grc' dir='ltr'><strong>Μ’</strong></span> <span class='ocrx_word' id='word_1_178' title='bbox 596 2213 836 2282; x_wconf 68' lang='lat' dir='ltr'><strong>jactare</strong></span> <span class='ocrx_word' id='word_1_179' title='bbox 876 2200 1059 2282; x_wconf 82' lang='lat' dir='ltr'><strong>leges</strong></span> <span class='ocrx_word' id='word_1_180' title='bbox 1095 2198 1349 2281; x_wconf 80' lang='lat' dir='ltr'><strong>coepit:</strong></span> <span class='ocrx_word' id='word_1_181' title='bbox 1417 2221 1547 2261; x_wconf 88' lang='lat' dir='ltr'><strong>nou</strong></span> <span class='ocrx_word' id='word_1_182' title='bbox 1591 2202 1768 2284; x_wconf 93' lang='lat' dir='ltr'><strong>quod</strong></span> <span class='ocrx_word' id='word_1_183' title='bbox 1810 2200 2097 2284; x_wconf 87' lang='lat' dir='ltr'><strong>perferri</strong></span> <span class='ocrx_word' id='word_1_184' title='bbox 2187 2202 2318 2263; x_wconf 86' lang='lat' dir='ltr'><strong>oss&#39;e</strong></span> <span class='ocrx_word' id='word_1_185' title='bbox 2361 2221 2599 2284; x_wconf 86' lang='lat' dir='ltr'><strong>spera-</strong></span> 
     </span>
    </p>

    <p class='ocr_par' dir='ltr' id='par_1_7' title="bbox 598 2280 2610 3264">
     <span class='ocr_line' id='line_1_27' title="bbox 598 2280 2594 2366; baseline -0.001 -21"><span class='ocrx_word' id='word_1_186' title='bbox 598 2294 739 2354; x_wconf 81' lang='lat' dir='ltr'><strong>ret,</strong></span> <span class='ocrx_word' id='word_1_187' title='bbox 803 2280 922 2343; x_wconf 90' lang='lat' dir='ltr'><strong>sed</strong></span> <span class='ocrx_word' id='word_1_188' title='bbox 976 2281 1268 2342; x_wconf 89' lang='lat' dir='ltr'><strong>obtentui</strong></span> <span class='ocrx_word' id='word_1_189' title='bbox 1317 2280 1657 2344; x_wconf 90' lang='lat' dir='ltr'><strong>habiturus</strong></span> <span class='ocrx_word' id='word_1_190' title='bbox 1703 2284 1783 2345; x_wconf 92' lang='lat' dir='ltr'><strong>ad</strong></span> <span class='ocrx_word' id='word_1_191' title='bbox 1826 2285 2077 2351; x_wconf 80' lang='lat' dir='ltr'><strong>interce</strong></span> <span class='ocrx_word' id='word_1_192' title='bbox 2132 2303 2355 2355; x_wconf 75' lang='lat' dir='ltr'><strong>iones,</strong></span> <span class='ocrx_word' id='word_1_193' title='bbox 2421 2302 2594 2366; x_wconf 76' lang='lat' dir='ltr'><strong>quas</strong></span> 
     </span>
     <span class='ocr_line' id='line_1_28' title="bbox 598 2361 2599 2460; baseline -0.001 -36"><span class='ocrx_word' id='word_1_194' title='bbox 598 2362 908 2449; x_wconf 84' lang='lat' dir='ltr'><strong>parabat:</strong></span> <span class='ocrx_word' id='word_1_195' title='bbox 966 2361 1384 2422; x_wconf 81' lang='lat' dir='ltr'><strong>Alimentariam</strong></span> <span class='ocrx_word' id='word_1_196' title='bbox 1426 2363 1785 2446; x_wconf 86' lang='lat' dir='ltr'><strong>imprimis,</strong></span> <span class='ocrx_word' id='word_1_197' title='bbox 1832 2379 1899 2425; x_wconf 91' lang='lat' dir='ltr'><strong>et</strong></span> <span class='ocrx_word' id='word_1_198' title='bbox 1937 2367 2211 2437; x_wconf 84' lang='lat' dir='ltr'><strong>Viariam,</strong></span> <span class='ocrx_word' id='word_1_199' title='bbox 2260 2365 2418 2460; x_wconf 85' lang='lat' dir='ltr'><strong>(qua</strong></span> <span class='ocrx_word' id='word_1_200' title='bbox 2462 2385 2599 2423; x_wconf 88' lang='lat' dir='ltr'><strong>nu-</strong></span> 
     </span>
     <span class='ocr_line' id='line_1_29' title="bbox 601 2439 2605 2507; baseline 0 -2"><span class='ocrx_word' id='word_1_201' title='bbox 601 2465 821 2506; x_wconf 84' lang='lat' dir='ltr'><strong>merus</strong></span> <span class='ocrx_word' id='word_1_202' title='bbox 875 2439 1307 2504; x_wconf 84' lang='lat' dir='ltr'><strong>definiebatur</strong></span> <span class='ocrx_word' id='word_1_203' title='bbox 1357 2444 1806 2507; x_wconf 85' lang='lat' dir='ltr'><strong>vehiculorum</strong></span> <span class='ocrx_word' id='word_1_204' title='bbox 1857 2460 1925 2507; x_wconf 91' lang='lat' dir='ltr'><strong>et</strong></span> <span class='ocrx_word' id='word_1_205' title='bbox 1970 2447 2276 2507; x_wconf 87' lang='lat' dir='ltr'><strong>comitum</strong></span> <span class='ocrx_word' id='word_1_206' title='bbox 2326 2459 2456 2507; x_wconf 77' lang='lat' dir='ltr'><strong>iter</strong></span> <span class='ocrx_word' id='word_1_207' title='bbox 2490 2444 2605 2505; x_wconf 86' lang='lat' dir='ltr'><strong>fa-</strong></span> 
     </span>
     <span class='ocr_line' id='line_1_30' title="bbox 603 2525 2604 2610; baseline -0.002 -21"><span class='ocrx_word' id='word_1_208' title='bbox 603 2526 928 2589; x_wconf 84' lang='lat' dir='ltr'><strong>cientibus</strong></span> <span class='ocrx_word' id='word_1_209' title='bbox 954 2567 971 2597; x_wconf 94' lang='lat'><strong>,</strong></span> <span class='ocrx_word' id='word_1_210' title='bbox 1019 2538 1398 2608; x_wconf 83' lang='lat' dir='ltr'><strong>praetextu,</strong></span> <span class='ocrx_word' id='word_1_211' title='bbox 1446 2528 1721 2610; x_wconf 89' lang='lat' dir='ltr'><strong>opinor,</strong></span> <span class='ocrx_word' id='word_1_212' title='bbox 1767 2527 2115 2589; x_wconf 88' lang='lat' dir='ltr'><strong>Clodianae</strong></span> <span class='ocrx_word' id='word_1_213' title='bbox 2155 2527 2375 2599; x_wconf 88' lang='lat' dir='ltr'><strong>necis,</strong></span> <span class='ocrx_word' id='word_1_214' title='bbox 2403 2598 2408 2607; x_wconf 82' lang='lat'>.</span> <span class='ocrx_word' id='word_1_215' title='bbox 2434 2525 2604 2586; x_wconf 83' lang='lat' dir='ltr'><strong>alia-</strong></span> 
     </span>
     <span class='ocr_line' id='line_1_31' title="bbox 605 2604 2601 2692; baseline -0.001 -24"><span class='ocrx_word' id='word_1_216' title='bbox 605 2628 733 2692; x_wconf 90' lang='lat' dir='ltr'><strong>que</strong></span> <span class='ocrx_word' id='word_1_217' title='bbox 785 2607 868 2669; x_wconf 92' lang='lat' dir='ltr'><strong>de</strong></span> <span class='ocrx_word' id='word_1_218' title='bbox 923 2606 1290 2668; x_wconf 89' lang='lat' dir='ltr'><strong>muniendis</strong></span> <span class='ocrx_word' id='word_1_219' title='bbox 1337 2604 1832 2692; x_wconf 82' lang='lat' dir='ltr'><strong>sternendisque</strong></span> <span class='ocrx_word' id='word_1_220' title='bbox 1885 2609 2012 2670; x_wconf 81' lang='lat' dir='ltr'><strong>viis</strong></span> <span class='ocrx_word' id='word_1_221' title='bbox 2059 2608 2601 2688; x_wconf 85' lang='lat' dir='ltr'><strong>continebantur)</strong></span> 
     </span>
     <span class='ocr_line' id='line_1_32' title="bbox 603 2683 2609 2774; baseline -0 -24"><span class='ocrx_word' id='word_1_222' title='bbox 603 2703 804 2773; x_wconf 91' lang='lat' dir='ltr'><strong>utque</strong></span> <span class='ocrx_word' id='word_1_223' title='bbox 848 2709 926 2750; x_wconf 84' lang='lat' dir='ltr'><strong>ea</strong></span> <span class='ocrx_word' id='word_1_224' title='bbox 964 2688 1213 2749; x_wconf 88' lang='lat' dir='ltr'><strong>curatio</strong></span> <span class='ocrx_word' id='word_1_225' title='bbox 1256 2683 1385 2749; x_wconf 86' lang='lat' dir='ltr'><strong>sibi</strong></span> <span class='ocrx_word' id='word_1_226' title='bbox 1427 2689 1495 2750; x_wconf 89' lang='lat' dir='ltr'><strong>in</strong></span> <span class='ocrx_word' id='word_1_227' title='bbox 1534 2690 2043 2774; x_wconf 86' lang='lat' dir='ltr'><strong>quinquennium</strong></span> <span class='ocrx_word' id='word_1_228' title='bbox 2088 2690 2371 2762; x_wconf 87' lang='lat' dir='ltr'><strong>daretur,</strong></span> <span class='ocrx_word' id='word_1_229' title='bbox 2415 2688 2609 2751; x_wconf 81' lang='lat' dir='ltr'><strong>fere-</strong></span> 
     </span>
     <span class='ocr_line' id='line_1_33' title="bbox 603 2769 2607 2854; baseline 0 -21"><span class='ocrx_word' id='word_1_230' title='bbox 603 2771 735 2834; x_wconf 89' lang='lat' dir='ltr'><strong>bat.</strong></span> <span class='ocrx_word' id='word_1_231' title='bbox 820 2770 1022 2853; x_wconf 83' lang='lat' dir='ltr'><strong>Atqui</strong></span> <span class='ocrx_word' id='word_1_232' title='bbox 1066 2769 1193 2831; x_wconf 92' lang='lat' dir='ltr'><strong>hoc</strong></span> <span class='ocrx_word' id='word_1_233' title='bbox 1236 2777 1438 2852; x_wconf 77' lang='lat' dir='ltr'><strong>,ca&#39;put</strong></span> <span class='ocrx_word' id='word_1_234' title='bbox 1483 2785 1706 2833; x_wconf 87' lang='lat' dir='ltr'><strong>contra</strong></span> <span class='ocrx_word' id='word_1_235' title='bbox 1754 2773 2071 2834; x_wconf 90' lang='lat' dir='ltr'><strong>Liciniam</strong></span> <span class='ocrx_word' id='word_1_236' title='bbox 2117 2772 2607 2854; x_wconf 83' lang='lat' dir='ltr'><strong>Aebutiamque</strong></span> 
     </span>
     <span class='ocr_line' id='line_1_34' title="bbox 603 2852 2609 2937; baseline 0 -22"><span class='ocrx_word' id='word_1_237' title='bbox 603 2853 788 2936; x_wconf 84' lang='lat' dir='ltr'><strong>leges</strong></span> <span class='ocrx_word' id='word_1_238' title='bbox 821 2872 1111 2934; x_wconf 81' lang='lat' dir='ltr'><strong>pugnare</strong></span> <span class='ocrx_word' id='word_1_239' title='bbox 1149 2872 1280 2913; x_wconf 93' lang='lat' dir='ltr'><strong>non</strong></span> <span class='ocrx_word' id='word_1_240' title='bbox 1312 2852 1688 2935; x_wconf 80' lang='lat' dir='ltr'><strong>ignorabat,</strong></span> <span class='ocrx_word' id='word_1_241' title='bbox 1733 2854 2017 2937; x_wconf 82' lang='lat' dir='ltr'><strong>ideoque</strong></span> <span class='ocrx_word' id='word_1_242' title='bbox 2044 2854 2341 2924; x_wconf 83' lang='lat' dir='ltr'><strong>Rullum,</strong></span> <span class='ocrx_word' id='word_1_243' title='bbox 2385 2853 2609 2934; x_wconf 82' lang='lat' dir='ltr'><strong>Agra-</strong></span> 
     </span>
     <span class='ocr_line' id='line_1_35' title="bbox 603 2934 2609 3019; baseline 0 -24"><span class='ocrx_word' id='word_1_244' title='bbox 603 2935 742 2997; x_wconf 83' lang='lat' dir='ltr'><strong>riae</strong></span> <span class='ocrx_word' id='word_1_245' title='bbox 784 2934 951 3015; x_wconf 83' lang='lat' dir='ltr'><strong>legis</strong></span> <span class='ocrx_word' id='word_1_246' title='bbox 992 2946 1318 2995; x_wconf 88' lang='lat' dir='ltr'><strong>auctorem</strong></span> <span class='ocrx_word' id='word_1_247' title='bbox 1343 2975 1359 3005; x_wconf 92' lang='lat'><strong>,</strong></span> <span class='ocrx_word' id='word_1_248' title='bbox 1407 2954 1603 3017; x_wconf 90' lang='lat' dir='ltr'><strong>quum</strong></span> <span class='ocrx_word' id='word_1_249' title='bbox 1637 2935 1872 2997; x_wconf 84' lang='lat' dir='ltr'><strong>similia</strong></span> <span class='ocrx_word' id='word_1_250' title='bbox 1904 2949 2201 3019; x_wconf 86' lang='lat' dir='ltr'><strong>peteret,</strong></span> <span class='ocrx_word' id='word_1_251' title='bbox 2241 2934 2609 3005; x_wconf 51' lang='lat' dir='ltr'><strong>¹vehemen-</strong></span> 
     </span>
     <span class='ocr_line' id='line_1_36' title="bbox 602 3013 2608 3100; baseline 0 -22"><span class='ocrx_word' id='word_1_252' title='bbox 602 3028 709 3089; x_wconf 82' lang='lat' dir='ltr'><strong>ter</strong></span> <span class='ocrx_word' id='word_1_253' title='bbox 738 3015 1124 3097; x_wconf 83' lang='lat' dir='ltr'><strong>exagitatum</strong></span> <span class='ocrx_word' id='word_1_254' title='bbox 1160 3013 1385 3076; x_wconf 82' lang='lat' dir='ltr'><strong>fuiss&#39;e:</strong></span> <span class='ocrx_word' id='word_1_255' title='bbox 1430 3015 1549 3076; x_wconf 85' lang='lat' dir='ltr'><strong>sed</strong></span> <span class='ocrx_word' id='word_1_256' title='bbox 1578 3018 1880 3080; x_wconf 89' lang='lat' dir='ltr'><strong>consulto</strong></span> <span class='ocrx_word' id='word_1_257' title='bbox 1914 3016 2387 3100; x_wconf 81' lang='lat' dir='ltr'><strong>promulgabat,</strong></span> <span class='ocrx_word' id='word_1_258' title='bbox 2420 3016 2608 3098; x_wconf 83' lang='lat' dir='ltr'><strong>quod</strong></span> 
     </span>
     <span class='ocr_line' id='line_1_37' title="bbox 604 3095 2610 3179; baseline 0.001 -21"><span class='ocrx_word' id='word_1_259' title='bbox 604 3119 641 3158; x_wconf 89' lang='lat' dir='ltr'><strong>a</strong></span> <span class='ocrx_word' id='word_1_260' title='bbox 683 3096 1098 3179; x_wconf 78' lang='lat' dir='ltr'><strong>Pompeianis</strong></span> <span class='ocrx_word' id='word_1_261' title='bbox 1151 3095 1627 3179; x_wconf 87' lang='lat' dir='ltr'><strong>reprehensum</strong></span> <span class='ocrx_word' id='word_1_262' title='bbox 1682 3097 1899 3178; x_wconf 82' lang='lat' dir='ltr'><strong>justam</strong></span> <span class='ocrx_word' id='word_1_263' title='bbox 1954 3098 2082 3161; x_wconf 83' lang='lat' dir='ltr'><strong>sibi</strong></span> <span class='ocrx_word' id='word_1_264' title='bbox 2137 3099 2408 3161; x_wconf 83' lang='lat' dir='ltr'><strong>causs&#39;am</strong></span> <span class='ocrx_word' id='word_1_265' title='bbox 2459 3095 2610 3161; x_wconf 82' lang='lat' dir='ltr'><strong>istis</strong></span> 
     </span>
     <span class='ocr_line' id='line_1_38' title="bbox 605 3177 1976 3264; baseline 0.001 -24"><span class='ocrx_word' id='word_1_266' title='bbox 605 3179 901 3264; x_wconf 88' lang='lat' dir='ltr'><strong>partibus</strong></span> <span class='ocrx_word' id='word_1_267' title='bbox 938 3178 1267 3240; x_wconf 87' lang='lat' dir='ltr'><strong>irascendi</strong></span> <span class='ocrx_word' id='word_1_268' title='bbox 1304 3177 1552 3242; x_wconf 84' lang='lat' dir='ltr'><strong>dediss&#39;e</strong></span> <span class='ocrx_word' id='word_1_269' title='bbox 1593 3179 1976 3244; x_wconf 85' lang='lat' dir='ltr'><strong>videretur.-</strong></span> 
     </span>
    </p>
   </div>
   <div class='ocr_carea' id='block_1_6' title="bbox 200 3290 2615 3881">
    <p class='ocr_par' dir='ltr' id='par_1_8' title="bbox 254 3290 2608 3396">
     <span class='ocr_line' id='line_1_39' title="bbox 254 3290 2608 3396; baseline 0.003 -34"><span class='ocrx_word' id='word_1_270' title='bbox 254 3309 509 3375; x_wconf 75' lang='lat' dir='ltr'><strong>Refertur</strong></span> <span class='ocrx_word' id='word_1_271' title='bbox 522 3305 585 3359; x_wconf 73' lang='lat' dir='ltr'><strong>de</strong></span> <span class='ocrx_word' id='word_1_272' title='bbox 732 3301 904 3363; x_wconf 86' lang='lat' dir='ltr'><strong>vm.</strong></span> <span class='ocrx_word' id='word_1_273' title='bbox 951 3300 1164 3396; x_wconf 80' lang='lat' dir='ltr'><strong>Quum</strong></span> <span class='ocrx_word' id='word_1_274' title='bbox 1200 3290 1377 3367; x_wconf 79' lang='lat' dir='ltr'><strong>inter</strong></span> <span class='ocrx_word' id='word_1_275' title='bbox 1408 3301 1569 3365; x_wconf 87' lang='lat' dir='ltr'><strong>haec</strong></span> <span class='ocrx_word' id='word_1_276' title='bbox 1599 3303 1924 3367; x_wconf 76' lang='lat' dir='ltr'><strong>Kalendae</strong></span> <span class='ocrx_word' id='word_1_277' title='bbox 1955 3298 2227 3366; x_wconf 77' lang='lat' dir='ltr'><strong>Martiae</strong></span> <span class='ocrx_word' id='word_1_278' title='bbox 2256 3303 2608 3382; x_wconf 74' lang='lat' dir='ltr'><strong>veniss&#39;ent,</strong></span> 
     </span>
    </p>

    <p class='ocr_par' dir='ltr' id='par_1_9' title="bbox 233 3382 2612 3466">
     <span class='ocr_line' id='line_1_40' title="bbox 233 3382 2612 3466; baseline 0.003 -26"><span class='ocrx_word' id='word_1_279' title='bbox 233 3382 556 3459; x_wconf 40' lang='lat' dir='ltr'><strong>successi-one</strong></span> <span class='ocrx_word' id='word_1_280' title='bbox 615 3382 849 3466; x_wconf 87' lang='lat' dir='ltr'><strong>quibus</strong></span> <span class='ocrx_word' id='word_1_281' title='bbox 888 3403 968 3444; x_wconf 77' lang='lat' dir='ltr'><strong>ex</strong></span> <span class='ocrx_word' id='word_1_282' title='bbox 1006 3385 1568 3447; x_wconf 88' lang='lat' dir='ltr'><strong>senatusconsulto</strong></span> <span class='ocrx_word' id='word_1_283' title='bbox 1611 3385 1856 3447; x_wconf 84' lang='lat' dir='ltr'><strong>referri</strong></span> <span class='ocrx_word' id='word_1_284' title='bbox 1895 3386 1978 3448; x_wconf 88' lang='lat' dir='ltr'><strong>de</strong></span> <span class='ocrx_word' id='word_1_285' title='bbox 2014 3388 2415 3463; x_wconf 81' lang='lat' dir='ltr'><strong>success&#39;ion&#39;e</strong></span> <span class='ocrx_word' id='word_1_286' title='bbox 2439 3388 2612 3448; x_wconf 86' lang='lat' dir='ltr'><strong>Cae-</strong></span> 
     </span>
    </p>

    <p class='ocr_par' dir='ltr' id='par_1_10' title="bbox 242 3449 2615 3549">
     <span class='ocr_line' id='line_1_41' title="bbox 242 3449 2615 3549; baseline 0.003 -25"><span class='ocrx_word' id='word_1_287' title='bbox 242 3449 521 3502; x_wconf 71' lang='lat'><strong>⁰“““&#39;&#39;⁸·</strong></span> <span class='ocrx_word' id='word_1_288' title='bbox 602 3466 780 3525; x_wconf 83' lang='lat' dir='ltr'><strong>-saris</strong></span> <span class='ocrx_word' id='word_1_289' title='bbox 822 3464 1197 3546; x_wconf 87' lang='lat' dir='ltr'><strong>oportebat,</strong></span> <span class='ocrx_word' id='word_1_290' title='bbox 1254 3465 1575 3549; x_wconf 78' lang='lat' dir='ltr'><strong>Gaiusque</strong></span> <span class='ocrx_word' id='word_1_291' title='bbox 1619 3466 1969 3530; x_wconf 85' lang='lat' dir='ltr'><strong>Marcellus</strong></span> <span class='ocrx_word' id='word_1_292' title='bbox 2021 3489 2097 3530; x_wconf 90' lang='lat' dir='ltr'><strong>ea</strong></span> <span class='ocrx_word' id='word_1_293' title='bbox 2154 3470 2235 3531; x_wconf 90' lang='lat' dir='ltr'><strong>de</strong></span> <span class='ocrx_word' id='word_1_294' title='bbox 2281 3489 2355 3529; x_wconf 91' lang='lat' dir='ltr'><strong>re</strong></span> <span class='ocrx_word' id='word_1_295' title='bbox 2401 3468 2615 3531; x_wconf 81' lang='lat' dir='ltr'><strong>verba</strong></span> 
     </span>
    </p>

    <p class='ocr_par' dir='ltr' id='par_1_11' title="bbox 200 3544 2612 3706">
     <span class='ocr_line' id='line_1_42' title="bbox 200 3544 2612 3688; baseline 0.004 -83"><span class='ocrx_word' id='word_1_296' title='bbox 200 3546 206 3553; x_wconf 84' lang='grc'><strong>’</strong></span> <span class='ocrx_word' id='word_1_297' title='bbox 496 3615 502 3622; x_wconf 40' lang='grc'><strong>,</strong></span> <span class='ocrx_word' id='word_1_298' title='bbox 608 3544 903 3606; x_wconf 82' lang='lat' dir='ltr'><strong>feciss&#39;et:</strong></span> <span class='ocrx_word' id='word_1_299' title='bbox 971 3545 1308 3688; x_wconf 43' lang='lat' dir='ltr'><strong>plerisqzue</strong></span> <span class='ocrx_word' id='word_1_300' title='bbox 1367 3548 1933 3622; x_wconf 86' lang='lat' dir='ltr'><strong>adsentientibus,</strong></span> <span class='ocrx_word' id='word_1_301' title='bbox 2005 3551 2254 3633; x_wconf 84' lang='lat' dir='ltr'><strong>collega</strong></span> <span class='ocrx_word' id='word_1_302' title='bbox 2302 3550 2612 3624; x_wconf 80' lang='lat' dir='ltr'><strong>Marcelli</strong></span> 
     </span>
     <span class='ocr_line' id='line_1_43' title="bbox 609 3628 2611 3706; baseline -0 -18"><span class='ocrx_word' id='word_1_303' title='bbox 609 3628 876 3694; x_wconf 87' lang='lat' dir='ltr'><strong>Paullus</strong></span> <span class='ocrx_word' id='word_1_304' title='bbox 916 3628 1135 3691; x_wconf 84' lang='lat' dir='ltr'><strong>sinit:</strong></span> <span class='ocrx_word' id='word_1_305' title='bbox 1241 3630 1391 3689; x_wconf 90' lang='lat' dir='ltr'><strong>urio</strong></span> <span class='ocrx_word' id='word_1_306' title='bbox 1415 3671 1433 3702; x_wconf 93' lang='lat'><strong>,</strong></span> <span class='ocrx_word' id='word_1_307' title='bbox 1477 3630 1736 3692; x_wconf 89' lang='lat' dir='ltr'><strong>laudato</strong></span> <span class='ocrx_word' id='word_1_308' title='bbox 1765 3633 2064 3699; x_wconf 80' lang='lat' dir='ltr'><strong>Marcelli</strong></span> <span class='ocrx_word' id='word_1_309' title='bbox 2097 3634 2347 3706; x_wconf 82' lang='lat' dir='ltr'><strong>animo,</strong></span> <span class='ocrx_word' id='word_1_310' title='bbox 2392 3635 2611 3693; x_wconf 83' lang='lat' dir='ltr'><strong>adden-</strong></span> 
     </span>
    </p>

    <p class='ocr_par' dir='ltr' id='par_1_12' title="bbox 609 3709 2612 3792">
     <span class='ocr_line' id='line_1_44' title="bbox 609 3709 2612 3792; baseline 0.003 -24"><span class='ocrx_word' id='word_1_311' title='bbox 609 3709 741 3768; x_wconf 86' lang='lat' dir='ltr'><strong>dum</strong></span> <span class='ocrx_word' id='word_1_312' title='bbox 792 3709 1095 3771; x_wconf 89' lang='lat' dir='ltr'><strong>monebat</strong></span> <span class='ocrx_word' id='word_1_313' title='bbox 1115 3751 1133 3783; x_wconf 90' lang='lat'>‚</span> <span class='ocrx_word' id='word_1_314' title='bbox 1193 3729 1257 3766; x_wconf 81' lang='lat' dir='ltr'><strong>ut</strong></span> <span class='ocrx_word' id='word_1_315' title='bbox 1297 3715 1513 3786; x_wconf 82' lang='lat' dir='ltr'><strong>pariter</strong></span> <span class='ocrx_word' id='word_1_316' title='bbox 1543 3713 1833 3792; x_wconf 56' lang='lat' dir='ltr'><strong>Pompeius</strong></span> <span class='ocrx_word' id='word_1_317' title='bbox 1867 3719 2177 3792; x_wconf 79' lang='lat' dir='ltr'><strong>provincias</strong></span> <span class='ocrx_word' id='word_1_318' title='bbox 2223 3734 2280 3774; x_wconf 82' lang='lat' dir='ltr'><strong>ec</strong></span> <span class='ocrx_word' id='word_1_319' title='bbox 2327 3719 2612 3775; x_wconf 81' lang='lat' dir='ltr'><strong>exercitus</strong></span> 
     </span>
    </p>

    <p class='ocr_par' dir='ltr' id='par_1_13' title="bbox 597 3789 2611 3881">
     <span class='ocr_line' id='line_1_45' title="bbox 597 3789 2611 3881; baseline 0.005 -33"><span class='ocrx_word' id='word_1_320' title='bbox 597 3789 730 3873; x_wconf 74' lang='lat' dir='ltr'><strong>ficos</strong></span> <span class='ocrx_word' id='word_1_321' title='bbox 770 3792 1099 3854; x_wconf 78' lang='lat' dir='ltr'><strong>dimitteret.</strong></span> <span class='ocrx_word' id='word_1_322' title='bbox 1187 3790 1452 3855; x_wconf 88' lang='lat' dir='ltr'><strong>Sciebat</strong></span> <span class='ocrx_word' id='word_1_323' title='bbox 1490 3790 1618 3857; x_wconf 87' lang='lat' dir='ltr'><strong>hoc</strong></span> <span class='ocrx_word' id='word_1_324' title='bbox 1661 3794 1927 3859; x_wconf 86' lang='lat' dir='ltr'><strong>minime</strong></span> <span class='ocrx_word' id='word_1_325' title='bbox 1960 3794 2283 3863; x_wconf 84' lang='lat' dir='ltr'><strong>facturum</strong></span> <span class='ocrx_word' id='word_1_326' title='bbox 2322 3790 2611 3881; x_wconf 82' lang='lat' dir='ltr'><strong>Pompe-</strong></span> 
     </span>
    </p>
   </div>
   <div class='ocr_carea' id='block_1_7' title="bbox 612 3958 2614 4199">
    <p class='ocr_par' dir='ltr' id='par_1_14' title="bbox 612 3958 2614 4199">
     <span class='ocr_line' id='line_1_46' title="bbox 673 3958 2611 4066; baseline 0.001 -30"><span class='ocrx_word' id='word_1_327' title='bbox 673 3981 830 4063; x_wconf 55' lang='grc' dir='ltr'>ρει».</span> <span class='ocrx_word' id='word_1_328' title='bbox 864 3982 971 4065; x_wconf 72' lang='lat' dir='ltr'><strong>V!-</strong></span> <span class='ocrx_word' id='word_1_329' title='bbox 1024 3982 1294 4066; x_wconf 54' lang='lat' dir='ltr'><strong>Mna-012.</strong></span> <span class='ocrx_word' id='word_1_330' title='bbox 1384 3984 1531 4066; x_wconf 76' lang='lat' dir='ltr'><strong>cap.</strong></span> <span class='ocrx_word' id='word_1_331' title='bbox 1568 3984 1704 4066; x_wconf 65' lang='grc' dir='ltr'><strong>γη.</strong></span> <span class='ocrx_word' id='word_1_332' title='bbox 1753 3958 1900 4040; x_wconf 73' lang='lat' dir='ltr'><strong>nio.</strong></span> <span class='ocrx_word' id='word_1_333' title='bbox 1957 3981 2083 4039; x_wconf 70' lang='lat' dir='ltr'><strong>cte.</strong></span> <span class='ocrx_word' id='word_1_334' title='bbox 2130 3980 2207 4038; x_wconf 71' lang='lat' dir='ltr'><strong>aa</strong></span> <span class='ocrx_word' id='word_1_335' title='bbox 2247 3985 2411 4038; x_wconf 71' lang='lat' dir='ltr'><strong>Fam.</strong></span> <span class='ocrx_word' id='word_1_336' title='bbox 2444 3981 2516 4064; x_wconf 69' lang='lat' dir='ltr'><strong>s,</strong></span> <span class='ocrx_word' id='word_1_337' title='bbox 2546 3982 2611 4039; x_wconf 82' lang='lat'><strong>6.</strong></span> 
     </span>
     <span class='ocr_line' id='line_1_47' title="bbox 612 4051 2614 4199; baseline 0 -24"><span class='ocrx_word' id='word_1_338' title='bbox 612 4052 1044 4177; x_wconf 63' lang='lat' dir='ltr'><strong>¹353.·;¹d¹&#39;1¹};³,:.¹:</strong></span> <span class='ocrx_word' id='word_1_339' title='bbox 1068 4053 1216 4192; x_wconf 48' lang='grc' dir='ltr'><strong>ἑξῆς.</strong></span> <span class='ocrx_word' id='word_1_340' title='bbox 1249 4051 2169 4199; x_wconf 57' lang='lat' dir='ltr'><strong>⁴333:³23,1?2·;²1;.⁶5&gt;{⁴;ss·1›†35”·</strong></span> <span class='ocrx_word' id='word_1_341' title='bbox 2189 4070 2241 4121; x_wconf 69' lang='lat'><strong>²²</strong></span> <span class='ocrx_word' id='word_1_342' title='bbox 2256 4052 2330 4182; x_wconf 70' lang='lat'><strong>⁸:</strong></span> <span class='ocrx_word' id='word_1_343' title='bbox 2348 4052 2614 4159; x_wconf 57' lang='lat' dir='ltr'><strong>*w-</strong></span> 
     </span>
    </p>
   </div>
  </div>
 </body>
</html>
