2675 4642
562 188 682 266 778
790 190 1829 254 FRE1NSH.SUPPLEMENT.
1878 190 2022 254 Lm.
2048 188 2211 256 clv.
2246 166 2394 253 im.

229 387 293 442 υ·
327 406 379 442 ⁰·
409 393 532 459 74²·
563 407 780 470 deleto
829 402 1256 468 eruentissima
1301 399 1498 461 caede
1539 401 1910 461 Pannonum
1949 400 2238 464 exercitu
2263 442 2282 473 ,
2347 421 2515 461 arma

227 462 290 515 A.
316 462 382 516 c·
421 480 500 516 ¹⁰·
561 511 742 551 more
776 488 932 550 belli
970 483 1304 548 cremanda
1333 496 1760 564 poscerentur
1782 525 1798 550 ,
1855 482 2046 562 abjici
2090 483 2156 542 in
2184 481 2522 565 profluen-

561 587 690 634 tem
729 570 998 652 jussiss'e,
1064 585 1192 649 quo
1234 576 1578 645 conspecta
1610 563 1689 624 ab
1706 561 1994 625 hostibus
2036 564 2206 626 infra
2242 565 2519 627 colenti-

555 654 674 715 bus
711 650 1126 736 pertinaciam
1173 645 1528 731 spectaculi
1565 644 1841 707 horrore
1884 660 1953 708 et
1993 646 2297 707 similium
2340 659 2516 707 metu

554 735 951 818 frangerent.
1042 730 1145 795 Ob
1177 729 1336 791 haec
1379 724 1546 810 gesta
1576 726 1827 799 eidem,
1896 749 2056 812 quos
2106 727 2298 791 fratri
2346 725 2515 788 dixi-

552 838 692 879 mus
728 815 1061 883 decretos,
1118 811 1403 872 honores
1432 808 1657 869 tributi
1693 823 1859 870 sunt.
1944 811 2293 882 Dalmatia,
2359 830 2522 893 quae

550 899 737 984 prius
775 898 946 961 inter
978 894 1201 980 populi
1241 890 1609 976 provincias
1641 892 2060 975 censebatur,
2109 891 2321 976 quod,
2372 912 2524 973 pro-

601 995 699 1042 ter
736 979 1063 1062 ingenium
1092 976 1306 1058 gentis
1342 986 1407 1034 et
1439 971 1821 1037 vicinorum.
1871 973 2010 1035 sine
2051 975 2347 1035 exercitu
2385 985 2521 1035 tuto

553 1003 778 1125 iiaberi
813 1061 1151 1146 nequibat,
1195 1056 1279 1118 ad
1313 1074 1528 1117 curam
1565 1055 1858 1117 Caesaris
1898 1058 2200 1118 translata
2243 1053 2359 1119 est.

213 1153 441 1237 '‘⁶⁷⁰³ss
470 1164 523 1209 ‘³
667 1172 770 1232 111.
816 1170 995 1231 Haeo
1025 1167 1175 1231 Julo
1210 1163 1496 1226 Antonio
1519 1204 1535 1233 ,
1599 1161 1680 1256 Q.
1723 1164 1924 1226 Fabio
1958 1164 2237 1228 Maximo
2279 1185 2525 1226 eonsu-

183 1225 521 1331 ‘augustimu-
547 1254 715 1317 libus
761 1266 931 1317 aetat
996 1263 1061 1311 et
1106 1246 1443 1315 Herodes,
1508 1247 1620 1328 qui
1660 1245 1905 1308 liberos
1949 1267 2098 1310 suos
2142 1247 2523 1308 adcusatum

179 1331 365 1416 imm„
496 1324 812 1398 'venerat
850 1331 1248 1417 Aquileiam,
1310 1327 1728 1413 reconciliata
1774 1350 1899 1411 per
1942 1326 2288 1411 Augustum
2346 1331 2524 1388 inter

546 1438 659 1479 eos
743 1416 919 1487 ratia,
964 1410 1326 1475 honorifice
1358 1409 1689 1469 dimiss'us:
1736 1425 1949 1475 mutua
2002 1433 2078 1473 ue
2109 1432 2255 1472 oum
2296 1432 2382 1474 eo
2414 1411 2533 1470 be-

543 1519 712 1562 nevo
744 1496 950 1565 entia,
1015 1509 1079 1557 et
1124 1493 1435 1556 adversus
1478 1490 1748 1552 eximios
1805 1494 1942 1573 ejus
2032 1512 2269 1555 onores
2324 1494 2523 1575 digna

544 1581 768 1642 Princi
818 1600 852 1641 e
887 1580 1179 1640 Romano
1228 1569 1699 1655 magnificentia
1734 1589 2065 1637 certatum.
2158 1577 2293 1637 Sub
2343 1576 2521 1635 idem

499 1712 504 1723 .
543 1662 719 1724 enim
788 1673 929 1722 orte
979 1672 1229 1741 tempus
1269 1657 1688 1724 Caesaream,
1759 1657 1824 1716 in
1872 1657 2191 1719 honorem
2248 1656 2516 1740 Augusti

544 1745 641 1808 sic
681 1742 1059 1826 adpellatam
1098 1739 1360 1806 urbem,
1424 1735 1727 1800 Herodes
1768 1739 2174 1821 perfecerat,
2242 1740 2515 1821 ejusque

543 1826 849 1889 encaenia
895 1816 1457 1905 sumptuosiss'imis
1493 1817 1664 1877 ludis
1687 1862 1703 1888 ,
1769 1841 1928 1903 quos
1964 1822 2032 1882 in
2068 1821 2366 1899 ejusdem
2403 1823 2517 1881 ho-

542 1927 772 1970 norem
836 1921 955 1988 per
1011 1900 1446 1987 quinquennia
1490 1900 1750 1962 volebat
1801 1904 2053 1986 repeti,
2126 1904 2521 1965 celebrabat.

543 1994 709 2053 Eum
757 2002 1008 2049 omnem
1059 1996 1378 2065 sumptum
1422 2001 1456 2039 a
1511 2000 1583 2042 se
1626 1982 1932 2064 praeberi
1987 1986 2195 2047 voluit
2251 1988 2524 2047 Caesar:

550 2071 667 2133 sed
705 2083 770 2133 et
801 2089 964 2130 uxor
996 2065 1132 2144 ejus
1166 2064 1353 2125 Livia
1389 2062 1567 2123 misit
1604 2064 1837 2124 eximia
1882 2065 2047 2126 dona
2072 2110 2088 2138 ‚
2153 2069 2240 2129 ita
2284 2083 2361 2130 ut
2396 2090 2525 2130 om·

548 2154 725 2215 nium
756 2150 1035 2235 pretium
1074 2147 1331 2209 talentis
1358 2144 1624 2206 circiter
1650 2148 2023 2230 quingentis
2052 2147 2516 2213 aestimaretur.

620 2343 883 2417 oap.11.
919 2346 1047 2401 mv.
1076 2340 1235 2413 Epit.
1267 2340 1446 2394 oros.
1478 2340 1544 2407 6,
1569 2356 1654 2397 αι.
1690 2341 1856 2396 mor.
1890 2344 1944 2408 4,
1982 2360 2065 2401 ιο.
2100 2326 2243 2400 nio.
2284 2344 2448 2399 Van.
2477 2362 2527 2407 2,

551 2415 639 2484 96.
667 2415 914 2498 5¹¹⁶.t⁰.¹¹·
949 2414 1087 2471 Tib.
1120 2428 1176 2482 9.
1212 2409 1431 2482 Supra,
1467 2408 1587 2478 134,
1619 2411 1709 2482 96.
1741 2412 1983 2515 Joaqpb.
2017 2411 2221 2488 Antiq.
2261 2416 2352 2484 16,
2386 2432 2439 2484 7.
2475 2422 2534 2468 et

561 2482 618 2541 8.
655 2482 744 2540 ld.
774 2483 926 2544 ilud.
963 2503 1016 2541 ο.
1050 2505 1105 2557 9.
