2675 4642
273 264 684 354 mainan.
704 253 1311 354 SUPPLEMENT.
1341 287 1832 356 1.1n.1.xxv11.
1866 305 2018 352 mc.
2109 306 2244 369 κη.

348 501 462 559 111.
512 499 760 564 Catoni
799 497 962 560 haec
1001 497 1216 562 animo
1258 500 1581 561 sententia
1615 498 1912 573 sederat,
1965 514 2067 574 ut,
2128 501 2217 564 si·
2276 495 2347 556 U·
2383 513 2438 553 Θ·
2467 499 2592 567 704·

224 579 491 664 quidem
529 580 889 664 Pompeius
926 581 1298 656 cecidiss'et,
1341 583 1801 663 transportatis
1838 582 1902 643 in
1935 582 2214 658 ltaliam,
2277 566 2348 621 Α·
2385 567 2579 649 024⁸·

221 683 387 746 quos
420 684 649 724 secum
683 663 1000 736 habebat,
1045 665 1426 748 patriaeque
1454 662 1764 726 restitutis
1785 706 1803 737 ,
1846 664 1992 748 ipse
2027 685 2214 728 exsu·
2241 638 2531 760 επὲἳῖιζ
2569 723 2576 736 ,

220 747 420 806 latum
450 744 996 836 pmficisceretui·
1025 746 1348 828 quolibet:
1396 747 1729 831 superanti
1756 760 1968 808 autem
1993 748 2218 843 copias
2533 739 2553 758 ‘

223 827 298 888 ab
334 849 421 889 eo
457 843 760 912 acceptas
792 848 937 890 curn
966 826 1093 888 fide
1122 843 1438 891 servaret.
1520 829 1667 894 Hoc
1703 830 1917 890 animo
1952 849 2220 913 nariga-

218 911 309 971 νὴ
350 912 748 991 Corcyram,
808 910 923 971 ubi
963 910 1171 972 class'is
1212 908 1429 973 stabat.
1507 913 1682 986 =Erat
1716 911 1980 972 omnino
2022 910 2219 995 fugae

219 992 458 1054 similis
505 993 864 1075 profectio.
925 992 1129 1076 igitur
1167 1005 1234 1053 et
1265 993 1658 1055 frumentum
1699 1013 1780 1054 ex
1812 992 2077 1076 horreis
2113 1015 2219 1055 ra·-

212 1088 397 1157 ptum
449 1075 594 1137 vias
639 1098 714 1136 an
766 1075 1155 1159 iportusque
1200 1073 1670 1138 constraveratz
1735 1088 1833 1151 et,
1894 1076 2043 1158 quia
2084 1096 2219 1138 non

212 1156 414 1218 modo
444 1156 576 1235 jam
608 1096 834 1232 hoffis,
881 1156 998 1219 s‘ed
1034 1177 1187 1219 suae
1219 1179 1478 1242 quoque
1502 1158 1728 1241 copiae
1753 1158 1995 1219 terrori
2022 1160 2219 1221 Pom-

210 1237 474 1322 pejanis
520 1255 744 1313 erant,
809 1239 1026 1302 subito
1076 1253 1253 1306 metu
1302 1240 1644 1323 perterriti
1689 1239 2217 1304 conscenderunt

208 1341 437 1383 naves.
525 1328 668 1386 Nec
701 1319 968 1401 injustus
1006 1323 1118 1384 ille
1153 1321 1525 1384 timor'fuit.
1572 1343 1716 1383 nam
1749 1336 1948 1384 noctu
1982 1322 2061 1383 ad
2091 1343 2213 1406 op-

211 1403 440 1486 pidum
493 1425 585 1468 ex
632 1426 834 1468 cursu
882 1404 1431 1488 respicientibus,
1494 1425 1791 1488 magnum
1839 1404 2214 1467 incendium

208 1486 493 1559 reluxit,
543 1486 973 1571 flagrantibus
1017 1486 1377 1559 onerariis,
1430 1487 1707 1548 militum
1750 1486 2048 1559 audacia,
2092 1505 2213 1548 no·
2257 1531 2270 1544 .

204 1566 486 1631 lentium
536 1568 1014 1632 conscendere.
1098 1572 1265 1629 Tum
1295 1581 1363 1630 et
1390 1568 1646 1631 Rhodia
1676 1569 1883 1646 class'is
1915 1567 2215 1632 deseruit

211 1651 471 1726 socios,
523 1653 922 1736 domumque
965 1651 1277 1714 discess'it.

318 1782 442 1848 IV.
493 1784 683 1844 Haec
727 1784 940 1845 omnia
976 1785 1200 1869 paucis
1239 1797 1387 1846 ante
1420 1782 1651 1862 diebus
1683 1783 1982 1847 Rhodiae
2020 1782 2207 1869 quin·
2266 1774 2472 1861 Ῑζὶξᾶἶῖ
2496 1793 2581 1861 ¹⁹(-

211 1865 550 1947 queremis
599 1866 955 1948 remigem,
1015 1868 1194 1928 velut
1239 1867 1500 1928 numine
1547 1864 1889 1938 adflatum,
1947 1864 2207 1950 praedi·
2231 1864 2397 1929 ''3¹8'‘
2436 1860 2578 1902 ⁰⁶¹⁸·

209 1946 357 2007 xiss'e
385 1990 404 2017 ‚
455 1949 534 2008 C.
575 1949 948 2031 Coponius,
995 1948 1107 2032 qui
1148 1948 1211 2010 ei
1248 1948 1420 2011 class'i
1460 1963 1796 2032 praeerat,
1837 1948 2033 2010 horno
2064 1969 2210 2009 cum
2227 1916 2450 1971 ‘'²⁸⁶⁶'’

211 2029 436 2109 primis
480 2028 779 2111 prudens
818 2043 1009 2112 atque
1048 2031 1302 2100 doctus,
1347 2031 1561 2093 tribus
1599 2029 1794 2091 facile
1825 2029 2206 2092 doctiss'imis

212 2111 694 2182 Romanorum,
739 2113 827 2172 M.
859 2111 1099 2185 Tullio,
1144 2117 1232 2173 M.
1271 2113 1540 2185 Catoni,
1582 2114 1672 2172 M.
1699 2113 2011 2173 Terentio
2038 2107 2206 2174 Var-

217 2192 348 2252 roni
393 2207 824 2276 exposuerat.
891 2195 1036 2257 Hoc
1074 2195 1161 2256 ita
1200 2194 1279 2256 ab
1315 2193 1821 2280 ipso=Cicerone
1855 2205 2203 2267 narratum,

214 2294 332 2333 non
384 2280 739 2360 poetarum
788 2275 984 2337 modo
1007 2321 1023 2350 ,
1088 2276 1206 2338 sed
1245 2275 1441 2339 etiam
1477 2277 1878 2338 Graecorum
1914 2274 2203 2349 fabulas,

209 2357 313 2439 qui
359 2358 683 2432 revixiss'e
732 2357 1059 2419 hominem
1109 2373 1175 2421 et
1212 2381 1248 2420 a
1287 2372 1497 2422 morte
1531 2358 1956 2426 .vaticinatum
2001 2354 2206 2418 finxe·
2285 2415 2294 2422 .

204 2454 355 2501 runt
378 2481 398 2514 ,
444 2439 803 2503 evidenter
839 2440 1154 2526 coarguit.
1837 2477 1844 2484 ·

2495 2533 2542 2550 ..ο

321 2571 409 2635 V.
460 2571 790 2651 Corcyrae
822 2594 1014 2657 quum
1041 2573 1277 2642 iterum
1307 2571 1392 2636 de
1419 2573 1873 2656 praesentibus
1901 2572 2059 2634 effet
2085 2569 2199 2634 de·
2260 2559 2489 2654 Cfm'q‘,

200 2650 597 2725 liberatum,
643 2653 827 2726 Cat0,
873 2677 1021 2716 num
1072 2678 1215 2717 uam
1249 2676 1380 2716 non
1416 2655 1769 2718 observans
1807 2656 2047 2738 legum,
2091 2654 2199 2716 ci·
2224 2637 2571 2692 Bmdmm

203 2735 441 2795 ceroni
495 2754 569 2796 se
622 2735 864 2798 cedere
913 2758 1037 2820 pro
1072 2736 1414 2812 effus‚efi,
1479 2736 1654 2834 quod
1702 2738 1816 2801 ille
1868 2735 2200 2800 consulari
2220 2707 2543 2764 mmmm·

204 2815 531 2899 dignitate
572 2818 880 2880 anteibat.
965 2820 1051 2881 At
1083 2820 1318 2882 Cicero
1341 2839 1382 2894 ,‘
1461 2842 1531 2881 ui
1572 2840 1833 2904 semper
1868 2819 2049 2901 pacis
2084 2838 2202 2878 au-

204 2912 348 2959 ctor
392 2897 651 2972 fuerat,
698 2913 766 2961 et
806 2920 996 2962 omne
1029 2901 1291 2997 fugerat
1328 2903 1437 2967 bel
1468 2904 1490 2964 i
1526 2922 1790 2977 munus,
1834 2914 2077 2964 tantum
2115 2899 2196 2962 ab

204 2979 599 3064 accipiendo
645 2981 928 3065 imperio
971 2983 1214 3057 abfuit,
1277 3000 1349 3048 ut
1386 2986 1605 3069 potius
1643 3005 1919 3044 armorum
1958 3002 2064 3042 non
2096 2982 2197 3041 de-

200 3063 623 3143 ponendorum,
656 3062 758 3144 sed
791 3062 1253 3148 abjiciendorunm,
1312 3085 1542 3130 suasor
1578 3066 1756 3132 effet.
1837 3065 1935 3129 Ibi
1971 3062 2195 3147 gravis

200 3165 348 3206 eum
408 3143 677 3227 excepit
715 3146 1260 3233 Pompeianorum
1308 3147 1708 3231 indignatio,
1769 3148 2115 3229 fuiffetque
2160 3166 2199 3209 u

205 3229 426 3290 Gnaeo
471 3226 933 3303 interfectus„
963 3230 1033 3294 ni
1065 3232 1222 3293 Cato
1270 3231 1604 3294 seductum
1645 3231 2002 3313 paullisper
2040 3227 2199 3289 ado-

202 3311 571 3372 lescentem
606 3308 949 3374 leniviss'et.
1010 3314 1101 3375 ita
1150 3313 1414 3408 navigio
1466 3325 1734 3397 accepto
1771 3310 2201 3374 Brundisium

203 3407 478 3465 vectus,
547 3411 628 3458 eo
678 3392 743 3454 in
787 3413 871 3478 op
921 3394 1032 3457 ido
1072 3398 1374 3459 Caesaris
1418 3409 1711 3479 tempora
1758 3391 2195 3476 exspectabat.

203 3477 471 3538 Interea
505 3474 637 3537 loci
674 3489 738 3538 et
764 3476 849 3539 D.
930 3477 1134 3539 aelius
1155 3520 1173 3551 ,
1219 3477 1332 3562 qui
1367 3475 1683 3558 objectam
1709 3475 2067 3540 Brundisio
2096 3473 2199 3535 in..

207 3558 412 3622 sulam
437 3601 455 3631 ‚
501 3579 689 3642 quam
721 3571 906 3621 antea
944 3559 1112 3622 Libo
1149 3571 1473 3629 tenuerat,
1518 3558 1794 3624 consilio
1835 3558 2001 3642 pari,
2043 3575 2198 3641 per·
2492 3590 2512 3626 a

205 3639 455 3702 vicacia
496 3640 738 3720 majore
780 3640 1139 3714 insidebat,
1199 3655 1265 3703 et
1304 3643 1375 3704 C.
1409 3640 1689 3713 Cassius,
1731 3640 1965 3710 ,multis
1992 3638 2198 3702 Julia-

203 3723 308 3784 nis
350 3722 420 3786 in
454 3722 680 3794 Sicilia
719 3725 1149 3786 concrematis
1185 3722 1495 3797 navibus,
1554 3719 1880 3807 postquam
1925 3738 2195 3808 accepe-

202 3819 352 3867 rant
392 3803 479 3867 de
516 3805 814 3889 proelio,
863 3824 1008 3870 cum
1045 3803 1234 3870 class'e
1275 3803 1727 3870 discess'erunt.
2119 3821 2126 3826 “

264 3996 419 4067 Cap.
446 3993 554 4050 111.
596 3995 767 4049 Plut-
791 3996 918 4052 Cat·
956 3995 1175 4052 Lucan.
1207 4013 1261 4063 9,
1293 3994 1385 4051 30.
1424 3994 1561 4061 Dio,
1596 3991 1641 4046 1.
1670 3993 1761 4059 4²·
1800 3988 2054 4063 Appian.
2092 3986 2199 4044 Ci-

198 4063 305 4120 vil.
336 4065 378 4118 1.
409 4083 466 4120 α.
522 4065 649 4123 Cic.
687 4065 762 4120 de
792 4062 995 4122 Divin.
1029 4081 1074 4130 ι,
1105 4064 1194 4119 32.
1268 4063 1416 4136 Cap.
1452 4065 1653 4139 IV.·et
1683 4079 1733 4126 a,
1767 4060 1859 4114 55.
1931 4061 2074 4132 Cap.
2114 4059 2189 4113 V.

203 4134 361 4192 Plut.
411 4134 543 4192 Cio.
586 4146 645 4189 et
686 4134 820 4196 cat.
872 4131 996 4190 Cic.
1083 4151 1155 4187 ro
1189 4133 1398 4202 Deiot.
1428 4152 1481 4192 c.
1518 4151 1600 4194 ιο.
1638 4138 1698 4192 et
1731 4128 1809 4187 ad
1838 4128 1957 4186 Att,
2001 4144 2096 4193 ιι,
2130 4128 2193 4192 4.

208 4204 365 4263 Plut.
404 4202 534 4266 Cic.
571 4215 629 4262 et
656 4204 784 4266 Cat.
822 4203 992 4265 Gaas·-
1077 4201 1208 4263 ivil.
1235 4204 1291 4264 ὃ.
