2675 4642
583 141 677 281 ¹94
770 137 1182 262 FnEINsH.
1209 151 2056 259 SUPPLEMENTORiJM
2071 181 2555 258 Lm.LxxV1.
2629 165 2630 168 Ἴ

360 426 411 463 c·
442 405 566 477 704·
598 422 724 473 tem
746 449 763 479 ,
808 404 1066 488 ⁸sirenue
1113 403 1540 486 insequutus,
1584 400 1913 487 postquam
1940 401 2219 487 adipisci
2255 405 2433 487 poII'e
2477 404 2611 467 de-

356 478 426 536 0·
453 478 543 572 48·
594 490 925 575 speravit,
983 486 1061 548 ad
1093 487 1472 569 Scipionem
1511 503 1875 582 properare
1909 485 2162 583 coepit,
2219 488 2283 548 ei
2321 486 2604 562 timens,

594 594 679 636 ne
720 570 800 633 ad
825 573 1102 643 Caesare
1143 568 1652 652 opprimeretur.
1735 567 1917 640 Haec
1955 588 2128 630 emm
2165 565 2375 640 ferme
2414 590 2611 631 sum.

590 674 695 716 ma
744 652 1008 716 consilii
1057 650 1358 732 utrisque
1407 663 1582 722 erat,
1640 662 1713 711 ut
1752 651 2027 724 Caesar,
2097 651 2153 712 si
2195 667 2609 734 sequeretur

587 734 978 820 Pompeius,
1041 730 1466 817 aequioribus
1503 730 1672 793 locis
1711 731 1956 793 bellum
1993 730 2283 817 gesturus
2323 734 2609 797 videre—

588 831 739 900 tur3
802 816 905 878 sin
942 835 1102 880 vero
1137 814 1611 875 transmitteret
1646 812 1716 874 in
1745 814 2034 886 ltaliam,
2081 814 2311 877 eodem
2345 836 2476 900 per
2515 818 2610 878 11-

468 955 483 978 ,
588 898 863 983 lyricum
911 893 1354 969 contendere,
1396 891 1754 977 postremo,
1802 895 2103 959 omnibus
2149 895 2338 958 locis*
2366 897 2632 959 exem-¹

582 1002 743 1065 sus,
789 978 1201 1051 exercitum„
1228 996 1424 1059 quem
1459 977 1685 1060 Scipio
1721 999 1932 1062 nuper
1967 978 2357 1052 adduxerat,
2403 977 2632 1041 obsi-⁴

589 1061 809 1126 dendo
854 1059 1193 1124 retrahere
1225 1056 1828 1143 Pompeiumpoffe
1869 1074 2147 1145 putaret.
2232 1060 2612 1145 Pompeius

592 1145 934 1219 similiter,
981 1143 1123 1204 sive
1154 1142 1534 1225 Scipionem
1572 1142 1845 1225 aggredi
1872 1143 2108 1205 Caesar
2140 1139 2473 1217 statuiss'et,
2521 1143 2614 1207 ad

590 1227 899 1289 auxilium
937 1222 1272 1288 festinabat
1286 1244 1306 1302 3
1354 1223 1810 1308 sive“propter
1840 1225 2102 1309 copias,
2149 1245 2313 1307 quae
2350 1224 2429 1287 ab
2468 1229 2610 1288 Ita-

588 1305 679 1371 lia
713 1307 1287 1392 exspectabantur,
1347 1305 1695 1368 discedere
1731 1306 1809 1368 ab
1851 1327 1966 1369 ora
2000 1305 2317 1384 maritima
2352 1308 2607 1384 nollet,

498 1417 502 1424 ·
587 1390 1032 1462 Domitianum
1073 1389 1432 1452 exercitum
1471 1388 1682 1450 deleri
1719 1389 2220 1473 poss'e'rebatur.
2549 1418 2556 1424 ·

242 1514 476 1576 „mm-11,-
488 1516 569 1570 in·
716 1489 885 1555 LIV.
931 1488 1146 1584 Quum
1170 1486 1434 1550 Caesari
1467 1487 1824 1550 necess'ario
1853 1487 2040 1570 prius
2067 1485 2359 1549 adeunda
2377 1486 2436 1547 A
2495 1489 2613 1550 ol-

214 1597 567 1659 speratumpe-
593 1570 772 1636 Ionia
813 1571 1007 1645 ell'et,
1068 1584 1141 1633 ut
1180 1569 1437 1631 saucios
1478 1569 1878 1666 deponeret,
1938 1567 2322 1665 stipendium
2357 1570 2451 1630 mi
2485 1569 2610 1632 iti-

210 1657 468 1713 riculum.
591 1654 716 1718 bus
755 1653 971 1726 daret,
1015 1653 1396 1734 animosque
1437 1671 1767 1714 sociorum
1807 1651 2095 1736 alloquio
2135 1665 2200 1713 et
2231 1651 2610 1734 praesidiis

592 1736 764 1798 datis
813 1731 1146 1812 firmaret3
1210 1732 1563 1816 Pompeius
1589 1775 1605 1804 ‚
1669 1732 1978 1817 expedito
2077 1753 2151 1795 er
2197 1734 2609 1819 Candaviam

589 1818 868 1891 itinere,
957 1817 1097 1877 rior
1128 1817 1195 1888 in
1224 1816 1671 1877 Macedoniam
1708 1816 1922 1895 venit„
1992 1756 2093 1878 lgi
2123 1817 2437 1889 Fortuna,
2485 1817 2610 1890 ¹vix

590 1914 869 1983 quatuor
904 1839 1646 1993 Horarumvinterposito
1681 1897 1927 1981 spatio,
1970 1898 2329 1960 Domitium
2365 1912 2438 1959 et
2473 1898 2609 1960 ob-

586 1981 750 2063 jecit
782 1980 1058 2042 maximo
1091 1979 1496 2053 discrimini,
1543 1994 1610 2043 et
1635 1980 1903 2064 eripuit.
1985 1983 2256 2064 Ignarus
2294 1980 2411 2043 ille
2452 1998 2609 2042 om-

588 2064 769 2124 nium
790 2106 807 2136 ,
847 2062 1126 2147 (quippe
1160 2062 1331 2124 milli
1365 2061 1444 2123 ab
1481 2060 1597 2125 illo
1637 2061 1719 2124 ad
1742 2063 2108 2136 Caesarem,
2137 2077 2259 2124 ‘aut
2291 2061 2369 2123 ad
2405 2063 2610 2125 illum

478 2213 484 2224 ,
588 2166 628 2209 e
654 2146 954 2218 Caesare,
1048 2159 1277 2228 ropter
1304 2140 1528 2206 infesta
1557 2144 1793 2207 itinera
1820 2159 2170 2241 penetrare
2196 2144 2609 2228 nequibant)

640 2249 792 2288 uum
823 2249 947 2311 per
974 2166 1230 2310 aliquot
1264 2225 1407 2288 dies
1444 2223 1639 2300 castra
1672 2225 1890 2288 castris
1915 2228 2249 2311 Scipionis
2281 2228 2608 2310 opposita

591 2248 941 2382 flabuiffeu
986 2307 1089 2372 rei
1127 2305 1591 2370 frumentariae
1632 2310 1839 2372 cauffa
1874 2309 2286 2372 disccss'erat:
2345 2322 2417 2371 et
2461 2323 2609 2371 tum

594 2387 680 2454 ad
710 2392 1096 2454 Heracleam
1130 2390 1443 2453 Sinticam
1466 2434 1482 2463 ,
1535 2412 1698 2475 quae
1744 2388 1833 2452 est
1874 2391 2162 2470 subjecta
2197 2390 2605 2462 Candaviae,

594 2473 728 2535 iter
755 2472 1000 2535 babens
1020 2515 1037 2545 ,
1083 2473 1150 2533 in
1179 2472 1395 2556 ipsum
1414 2473 1797 2557 Pompeium
1826 2474 2186 2552 incidiss'et3
2230 2472 2380 2542 nisi,
2413 2474 2610 2558 quod

595 2576 814 2640 neque
832 2576 946 2617 sua
963 2553 1302 2638 diligentia
1319 2575 1797 2639 cognoscerem
1888 2576 1970 2616 ue
1987 2555 2215 2618 doceri
2235 2577 2267 2614 a
2285 2555 2425 2616 suis
2444 2579 2612 2639 par-

232 2642 326 2698 -Ee
342 2643 573 2715 ἔκρινα·
599 2637 775 2699 tibus
794 2650 1117 2720 potuerat,
1138 2634 1409 2699 hostium
1428 2637 1754 2700 beneficio
1775 2576 2041 2701 deidiciss'
2036 2651 2121 2699 et.
2168 2636 2610 2722 Allobroges,

222 2725 283 2770 Μ
301 2714 511 2768 ⁸⁸¹⁸&-
576 2721 716 2805 .qui
769 2740 915 2782 cum
950 2719 1246 2781 Roscillo
1298 2733 1364 2781 et
1405 2721 1593 2803 Aego
1632 2741 1845 2804 nuper
1892 2719 2412 2803 transfugerant,
2487 2740 2609 2783 re-

512 2861 523 2874 ,
597 2803 827 2887 pertis'
850 2820 974 2885 per
1007 2801 1176 2864 viam
1215 2801 1740 2897 exploratoribus
1775 2802 2086 2875 Domitii,
2136 2802 2272 2864 sive
2313 2815 2615 2887 propter

557 2886 571 2900 ‘
596 2898 893 2949 veterem
930 2882 1503 2958 consuetudinem,
1550 2883 1725 2967 quod
1762 2885 1829 2945 in
1862 2883 2073 2946 Gallia
2106 2904 2231 2944 una
2266 2883 2613 2947 militave-

596 2979 767 3041 rant,
813 2966 954 3031 sive
995 2965 1208 3049 gloria
1245 2967 1421 3040 elati,
1468 2966 1681 3027 omnia
1714 2975 2278 3050 exprompserunt.
2342 2967 2440 3027 lta
2475 2965 2615 3029 de-

596 3046 772 3111 flexo
819 3048 1058 3110 itincre
1099 3047 1465 3121 Domitius,
1511 3068 1638 3132 qua
1674 3049 2018 3111 Caesarem
2058 3047 2287 3113 venire
2322 3047 2617 3111 audive-

596 3145 736 3205 rat,
793 3130 1157 3218 vitavitque
1190 3129 1611 3215 Pompeium,
1672 3143 1739 3193 et
1775 3129 1857 3192 ad
1890 3130 2242 3216 Aeginium
2284 3150 2431 3192 cum
2468 3131 2617 3193 im-

595 3217 906 3299 peratore
951 3231 1070 3275 suo
1108 3210 1491 3292 conjunctus
1527 3207 1637 3275 est.
1701 3255 1710 3260 -

719 3312 862 3378 LV.
921 3313 1062 3374 Jam
1112 3329 1525 3394 quocumque
1572 3302 1812 3371 Caesar
1865 3308 2117 3382 adiret,
2169 3305 2617 3393 proeliorum

580 3392 1198 3475 ,Dyrrhachinorum
1241 3392 1409 3454 fama
1449 3406 1927 3476 praecurrerat.
2003 3393 2207 3475 igitur
2248 3388 2613 3472 Gomphos

597 3474 925 3548 venienti,
990 3474 1165 3559 quod
1201 3475 1482 3559 primum
1528 3470 1618 3536 est
1662 3488 1890 3535 contra
1921 3475 2196 3557 Epirum
2230 3471 2615 3536 Thess'aliae

599 3556 950 3653 oppidum,
991 3569 1260 3639 praetor
1297 3555 1513 3640 gentis
1539 3553 2028 3642 ‘Androsthenes
2066 3559 2289 3639 portas
2325 3553 2618 3628 clausit,

598 3635 871 3701 dimissis
901 3635 981 3699 ad
1005 3638 1387 3722 Pompeium
1414 3637 1922 3722 Scipionemque
1952 3636 2210 3699 nunciis
2239 3633 2471 3708 auxilii
2493 3656 2621 3699 ae-

601 3718 935 3786 celerandi
980 3721 1209 3784 causs'a.
1296 3719 1429 3781 Sed
1459 3722 1698 3784 Caesar
1739 3717 2009 3783 edoctos
2049 3718 2329 3791 milites,
2389 3738 2616 3801 quan-

596 3814 734 3863 tum
769 3801 849 3862 ad
884 3801 1113 3864 famam
1148 3801 1720 3887 necess'itatemque
1796 3815 2164 3871 raescntem
2196 3819 2271 3861 ea
2301 3817 2412 3860 res
2439 3820 2613 3882 per-

597 3883 891 3957 tineret,
943 3886 1038 3947 sic
1080 3882 1416 3956 accendit,
1479 3898 1590 3958 ut,
1655 3824 1793 3969 pofl
1831 3882 2058 3947 horam
2100 3900 2334 3944 nonam
2381 3899 2613 3966 oppu-

600 3966 906 4048 gnatione
936 3979 1201 4051 coepta,
1248 3977 1398 4040 ante
1433 3980 1692 4032 noctem
1732 3965 2307 4054 locoppotirentur.
2373 3961 2614 4047 Quum

555 4164 559 4168 .
628 4105 969 4179 '‘Cap-LV.
1006 4103 1353 4166 mommo,
1407 4135 1410 4142 ·

210 470 223 482 ,
249 409 323 465 υ.

250 481 325 586 ³2.
