2675 4642
265 2035 471 2088 θησαν
496 2042 583 2087 ‘ve-

217 2106 304 2185 nit
320 2106 377 2181 in
389 2102 587 2175 Hispa·

217 2189 391 2229 ulam·

595 238 677 311 m
757 231 1167 299 FREmsn.
1201 190 2033 299 SUPPLEMENTORUM
2059 194 2495 301 Lin.1,'xxv2

537 475 555 493 ·
596 462 734 512 tum
768 446 1008 509 crebro
1040 436 1373 505 mittebat:
1417 442 1593 527 quod
1632 443 1812 509 idem
1850 458 2045 525 quum
2082 455 2151 505 et
2188 440 2266 503 ab
2297 439 2591 502 hostibus

538 546 556 566 ·
598 528 830 602 fieret,
894 528 1166 590 crebrae
1223 526 1638 605 velitationes
1695 537 1917 591 erant:
1979 543 2104 586 nec
2156 525 2302 585 sine
2350 524 2593 606 magno

595 612 930 697 praesidio
968 607 1176 672 emitti
1207 607 1623 690 pabulatores
1658 620 1979 692 poterant.
2063 605 2324 671 Accidit
2358 606 2590 689 igitur,

598 714 798 778 quum
837 682 1135 777 legiones
1166 689 1488 751 Fabianae
1526 689 1692 751 duae
1724 682 1964 759 fluine'n
2001 688 2403 761 transilient,
2468 687 2595 748 im..

594 776 1202 861 pedimentaque=et
1234 771 1446 832 omnis
1482 772 1804 856 equitatus
1839 771 2266 855 sequeretura'
2285 783 2366 832 ¹ut
2391 789 2591 853 pons,

530 850 535 861 ’
593 859 670 922 vi
701 857 1130 938 jumentorum
1171 867 1236 915 et
1270 874 1478 938 aquae
1513 854 1956 937 magnitudine
1990 854 2416 936 interruptus,
2455 874 2596 914 ma..

594 941 830 1002 ximam
871 950 1122 1024 partem
1164 936 1456 1019 equitum
1501 959 1535 998 a
1575 929 1949 1020 legionibus
1988 935 2355 997 divelleret.
2443 936 2596 999 Hoc

596 1023 711 1087 uhi
747 1043 828 1084 ex
865 1039 1105 1105 aggere
1144 1032 1208 1080 et
1246 1020 1534 1081 cratibus
1557 1062 1573 1092 ,
1610 1039 1797 1102 quae
1840 1038 2054 1102 prono
2091 1016 2360 1080 flumine
2401 1016 2593 1080 dese«-

595 1105 948 1177 rebantur,
1006 1100 1292 1163 hostibus
1343 1102 1675 1185 cognitum
1725 1099 1855 1174 est,
1921 1099 2232 1167 Afranius
2277 1099 2595 1162 celeriter

598 1186 958 1270 equitatum
986 1204 1244 1245 ornnem
1265 1183 1694 1266 legionesque
1716 1196 1990 1267 quatuor
2013 1203 2129 1244 suo
2195 1234 2198 1235 γ
2244 1195 2354 1242 nte
2375 1196 2593 1243 trans-

596 1267 802 1331 duxit.
868 1271 1048 1350 Ergo
1087 1269 1161 1327 L.
1189 1265 1492 1338 Plancus,
1523 1265 1638 1348 qui
1667 1265 2039 1347 legionibus
2061 1267 2151 1327 Fa
2200 1262 2366 1325 ianis
2398 1283 2593 1347 prae-

597 1363 772 1423 erat,
818 1350 1033 1411 locum
1070 1347 1482 1431 superiorem
1515 1360 1822 1428 occupat,
1867 1345 2047 1425 cujus
2081 1345 2323 1411 auxilio
2357 1346 2595 1408 adver..

596 1453 714 1497 sus
769 1430 1246 1492 multitudinem
1305 1427 1579 1491 hostium
1633 1448 1704 1489 se
1755 1442 2094 1503 tutaretur.
2178 1429 2452 1489 Proelio
2509 1429 2596 1490 ab

599 1504 932 1597 equitibus
984 1511 1353 1582 commiss'o,
1406 1508 1653 1594 procul
1697 1511 1836 1571 visa
1887 1524 2036 1571 sunt
2087 1511 2271 1596 signa
2320 1509 2595 1573 duarum

597 1595 665 1658 le
715 1596 973 1668 ionum,
1023 1616 1179 1679 quas
1210 1595 1281 1655 C.
1313 1593 1591 1665 Fabius,
1637 1591 1739 1663 id,
1788 1593 1964 1676 quod
1999 1595 2593 1679 erat,.suspicatus,

528 1696 531 1705 ·
604 1700 683 1741 su
732 1677 901 1740 sidio
937 1678 1073 1738 suis
1094 1675 1427 1741 ,ulteriore
1461 1689 1664 1759 ponte
1696 1675 1984 1740 miserat.
2069 1678 2313 1761 Harum
2351 1675 2596 1741 adven-

601 1773 677 1823 tu
721 1760 1045 1843 proelium
1090 1757 1457 1819 dirimitur:
1524 1757 1750 1842 copiae
1790 1758 2114 1842 utrimque
2151 1760 2219 1822 in
2255 1755 2450 1819 castra
2486 1778 2593 1821 re·

602 1855 972 1986 {ertu-ntur,
1016 1860 1212 1928 quum
1241 1839 1704 1928 aliquammulti
1725 1840 2156 1913 Fabianorum
2184 1841 2388 1911 effent
2417 1840 2593 1905 desi-

656 1938 842 1989 erati.
1285 1961 1291 1977 „

658 2100 671 2109 „
732 2033 907 2094 XIV.
951 2033 1054 2095 Eo
1099 2030 1300 2097 biduo
1335 2033 2008 2118 Caesar.supervenit
2061 2036 2207 2095 c'um
2259 2023 2592 2116 equitibus

607 2114 998 2198 nongentis,
1044 2135 1210 2198 quos
1250 2114 1380 2175 sibi
1415 2116 1750 2198 praesidio
1784 2117 2180 2185 retinuerat:
2245 2128 2343 2187 et,
2392 2128 2595 2199 ponte

610 2211 812 2263 noctu
858 2193 1047 2258 refici
1089 2195 1290 2275 juss'o,
1350 2216 1498 2257 cum
1531 2198 1828 2261 omnibus
1867 2198 2115 2282 copiis,
2175 2211 2440 2282 praeter
2480 2217 2598 2261 sex

609 2278 956 2355 cobortes,
1021 2298 1185 2362 quae
1232 2279 1420 2361 ponti
1476 2277 1693 2345 castris
1744 2301 1824 2343 ue
1876 2278 2207 2364 praesidfio
2259 2280 2597 2361 relinques

607 2362 878 2435 bantur,
937 2360 1020 2422 ad
1053 2359 1312 2439 Afranii
1355 2358 1552 2423 castra
1591 2377 1717 2447 pro
1746 2359 2073 2437 'ciscitur,
2136 2362 2595 2446 pugnandique

658 2441 984 2521 otestatem
1026 2439 1312 2504 hostibus
1352 2441 1530 2508 facit.
1616 2444 1829 2526 Quum
1868 2442 2078 2519 hostes
2123 2464 2414 2528 pugnare
2454 2443 2594 2505 nol-

604 2467 776 2599 fem,
826 2527 1063 2587 Caesar
1099 2523 1181 2586 ad
1216 2522 1727 2607 quadringentos
1752 2527 1961 2609 pass'us
1987 2527 2064 2587 ab
2090 2526 2237 2587 imis
2263 2525 2595 2587 radicibus

606 2608 821 2680 collis,
841 2627 971 2691 quo
994 2606 1062 2666 in
1082 2605 1248 2668 colle
1270 2603 1464 2666 castra
1482 2605 1756 2669 hostium
1775 2621 1979 2681 erant,
1998 2602 2191 2670 castra
2211 2629 2460 2691 ponere
2482 2605 2597 2668 sta-

605 2690 764 2755 tuit:
812 2686 932 2750 sed
953 2689 1227 2760 veritus,
1258 2706 1341 2747 ne
1370 2688 1606 2750 vallum
1632 2690 1882 2750 eminus
1906 2690 2424 2773 conspiceretur,
2456 2703 2594 2757 tan·-

604 2784 634 2833 t
680 2769 939 2833 mmodo
972 2769 1195 2833 fossam
1225 2769 1465 2852 pedum
1488 2770 1860 2853 quindecim
1894 2794 1929 2833 a
1958 2770 2177 2833 fronte
2216 2770 2365 2835 duci
2396 2769 2588 2851 iamt.

556 2918 565 2931 ι
605 2794 808 2934 idque
844 2872 1008 2937 opus
1049 2872 1265 2935 quum,
1314 2853 1528 2935 prima·
1564 2866 1629 2914 et
1671 2854 1952 2915 secunda
1993 2854 2130 2915 acie
2167 2854 2235 2913 in
2264 2854 2438 2924 loco,
2486 2850 2599 2912 ubi

607 2946 795 3003 erant
838 2930 1230 3007 instructae,
1296 2930 1772 3017 perstantibus,
1829 2937 2024 2999 tertia
2082 2935 2254 3001 acies
2308 2934 2594 3004 faceret,

606 3015 838 3098 ignaro
887 3004 1062 3077 hoste
1111 3013 1482 3099 perfectum
1538 3013 1680 3089 est„
1732 3019 2120 3091 lntrahanc
2169 3017 2595 3079 munitionem

606 3110 801 3159 nocte
838 3109 1192 3170 transacta,
1286 3094 1587 3172 ostridiffi
1636 3101 1786 3182 quia
1829 3101 2090 3185 longius
2128 3119 2329 3183 agger
2367 3112 2630 3181 peten-¹

609 3176 729 3239 dus
760 3192 937 3251 erat,
983 3192 1115 3244 tota
1146 3119 1380 3253 cagm'
1428 3180 1964 3264 quemadmodum
2009 3180 2402 3250 instituerat,
2446 3198 2598 3261 per-

594 3259 853 3345 munit,
927 3260 1204 3344 singulis
1264 3262 1640 3344 legionibus
1699 3264 1955 3346 'singula
2007 3263 2209 3325 latera
2261 3261 2594 3325 tribuens:

605 3341 753 3425 ipse
800 3362 947 3406 cum
990 3342 1269 3425 reliquis
1323 3343 1538 3406 tribus
1580 3343 1915 3425 Afranium
1955 3343 2455 3427 Petreiumque,
2517 3338 2595 3403 ad

605 3422 999 3507 turbandum·
1031 3444 1194 3507 opus
1229 3425 1592 3501 venientes,
1641 3426 1987 3490 absterret.
2060 3430 2152 3489 lta
2189 3423 2406 3489 castris
2444 3443 2595 3518 per-

603 3505 910 3578 munitis,
958 3505 1263 3568 cohortes
1301 3521 1370 3568 et
1402 3507 1485 3566 im
1539 3502 1859 3570 edimenta
1882 3553 1899 3585 ,
1945 3529 2109 3593 quae
2141 3504 2593 3592 superioribus

518 3614 529 3622 ·
604 3586 676 3652 in
704 3585 925 3655 castris
956 3588 1351 3675 reliquerat,
1396 3530 1630 3651 eodem
1658 3591 1995 3658 transduci
2021 3591 2224 3671 jubet·

297 3709 481 3781 Pugna
506 3710 583 3768 ad
628 3692 635 3701 ⁸
723 3712 871 3777 XV.
916 3713 1075 3775 Erat
1110 3714 1284 3774 inter
1320 3711 1631 3796 oppidum
1668 3728 1735 3776 et
1763 3688 2113 3775 Afraniana
2153 3709 2347 3775 castra
2386 3706 2594 3795 plani-

235 3783 491 3838 Ilerdam·

602 3792 1061 3878 tiesp'ass'uum
1105 3794 1375 3856 circiter
1422 3808 1901 3874 trecentorum,
1973 3809 2039 3858 et
2084 3796 2149 3859 in
2191 3795 2408 3861 medio
2450 3793 2591 3852 fere

606 3877 816 3963 spatio
858 3874 1137 3941 tumulus
1176 3874 1519 3960 surgebat,
1586 3898 1778 3963 quem
1817 3879 1875 3941 si
1910 3874 2278 3965 occupass'et
2318 3879 2588 3945 Caesar,

605 4064 1001 4197 cafiflgalgy«
1033 4062 1685 4137 meatim-straus&
1724 4065 1897 4127 Caes.
1969 4065 2118 4147 Cap.
2135 4065 2267 4124 XV.
2305 4018 2586 4139 filo-'Lu-
