2675 4642
605 168 723 285 '242
782 208 1187 293 Femsmu.
1212 204 2049 301 SUPPLEJMENTORUM
2062 206 2217 271 Lm.
2236 207 2555 269 Lxxx1.·

603 324 1617 359 ..mh-mm...—

281 416 568 486 U.c.708.
609 417 922 500 rogaturi.
992 417 1189 485 Multa
1226 416 1336 480 hic
1371 415 1633 481 Cimber
1668 439 1701 477 a
1735 418 2010 495 Caesare
2040 415 2357 481 beneficia
2398 438 2590 481 acce-

272 490 347 542 A·
374 487 440 542 C·
470 489 559 555 44·
608 510 824 582 perat:
870 516 1144 581 quorum
1181 499 1521 560 immemor
1553 498 1790 584 primas
1826 500 1896 560 in
1931 519 2009 561 eo
2041 500 2330 563 facinore
2362 514 2592 585 partes

612 579 922 663 suscepit.
1006 580 1128 653 At,
1189 580 1466 642 Caesare
1515 581 1847 663 negotium
1896 581 1965 642 in
2012 582 2185 644 aliud
2234 580 2590 644 differente

609 677 897 744 tempus,
946 674 1042 734 et,
1088 662 1237 745 quia
1265 662 1702 746 impudentius
1732 662 2105 745 urgebatur,
2147 665 2410 726 volente
2435 684 2594 726 con-

613 763 925 825 surgere,
986 757 1200 825 togam
1254 742 1394 824 ejug.
1445 765 1837 828 purpuream
1882 745 1959 807 ab
1996 758 2274 830 utroque
2312 742 2590 808 humero

615 826 879 891 Cimber
910 824 1425 908 comprehendit.
1482 825 1608 887 hoc
1650 826 1906 908 signum
1944 840 2014 888 ut
2047 827 2203 894 esset
2237 825 2461 890 caedis
2496 826 2592 888 fa-

615 903 1397 988 ciundaekconven'erat.
1485 909 1694 991 Igitur
1737 909 2145 982 clamantem,
2208 909 2321 988 Ista
2374 908 2593 989 quidem

616 994 703 1053 vis
753 990 860 1069 est,
903 990 1091 1067 *alter
1139 990 1335 1050 Casca
1392 989 1700 1052 sauciavit
1755 992 1971 1073 paullo
2033 991 2205 1053 infra
2265 991 2328 1074 ju
2377 991 2586 1067 ulum;

617 1092 747 1132 non
798 1071 1007 1143 letali,
1070 1091 1192 1133 nec
1249 1069 1591 1133 admodum
1644 1073 1772 1134 alto
1824 1074 2132 1146 vulnere,
2196 1093 2323 1156 quo
2420 1072 2595 1141 inter

522 1190 526 1192 ν
616 1153 873 1215 initium
914 1153 1228 1215 facinoris
1263 1173 1487 1213 manus
1523 1153 1982 1235 trepidaverat.
2065 1155 2154 1218 At
2176 1156 2416 1216 Caesar
2445 1174 2592 1216 cor·

616 1250 875 1319 reptum
906 1236 1147 1296 Cascae
1182 1234 1517 1296 brachium
1554 1234 1827 1320 graphio
1865 1235 2158 1314 traiecit,
2205 1239 2586 1302 exclamans,

617 1318 887 1378 Scelerate
923 1318 1128 1390 Casca,
1170 1317 1307 1397 quid
1333 1316 1531 1394 facis?
1587 1329 1653 1379 et
1693 1315 2003 1401 prosilire
2039 1318 2422 1391 conabatur,
2465 1315 2590 1377 nisi

589 1398 798 1460 ·foret
834 1400 910 1460 ab
949 1398 1076 1461 alio
1107 1396 1438 1482 perculsus
1470 1397 1537 1460 in
1562 1412 1855 1479 pectore.
1902 1396 2091 1461 simul
2124 1399 2461 1461 irruerunt
2489 1419 2591 1459 ce-

616 1482 746 1543 teri
783 1478 1017 1542 strictis
1059 1478 1489 1564 pugionibus,
1554 1481 1814 1543 nemine
1864 1500 1992 1542 non
2040 1479 2203 1542 hanc
2248 1480 2591 1565 adpetente

618 1563 926 1644 gloriam:
987 1575 1053 1623 et
1089 1561 1330 1623 Cass'ius
1372 1557 1635 1644 quidem
1676 1575 1867 1645 caput
1900 1562 2040 1641 ejus
2075 1564 2299 1646 petiit,
2354 1565 2587 1623 Brutus

616 1646 927 1730 percuffit
964 1643 1263 1726 inguina,
1308 1643 1568 1726 occiput
1612 1643 1977 1707 vulneravit
2007 1645 2409 1707 Bucilianus.

741 1752 968 1817 LVIII.
1014 1747 1248 1829 Ajunt,
1296 1748 1482 1812 ferae
1507 1749 1703 1812 modo
1740 1770 1811 1814 se
1839 1766 2327 1814 convertentem
2361 1750 2428 1811 in
2463 1750 2586 1811 sin-

619 1833 832 1918 gulos,
879 1847 945 1894 et
974 1852 1117 1892 cum
1154 1832 1437 1894 clamore
1471 1852 1543 1893 re
1594 1842 1959 1914 ugnantem,
2003 1832 2114 1905 ubi
2135 1837 2409 1895 Brutum
2480 1851 2586 1891 uo-

617 1935 749 2000 que
791 1913 1134 1998 conspexit
1177 1913 1470 1987 irruere,
1532 1854 1759 1977 «iixiss'e
1796 1915 2068 1978 Graecis
2111 1915 2372 1989 verbis,
2486 1932 2579 1971 unc

620 2003 782 2056 etiam
815 2002 959 2056 inter
997 1995 1091 2055 hos
1121 2018 1209 2069 es,
1246 1996 1386 2075 fili?
1427 2001 1607 2069 Nam,
1703 1997 1830 2060 uod
1866 1995 2348 2081 flagrantissimo
2380 2008 2581 2073 amore
2612 2016 2621 2023 ·

624 2100 741 2140 suo
779 2081 1050 2139 Brutum
1097 2092 1448 2162 pepererat
1487 2017 1817 2153 Serviiia,
1870 2093 2085 2142 natum
2133 2099 2213 2140 ex
2255 2098 2326 2140 se
2367 2074 2583 2140 crede-

585 2160 750 2223 sbat.
834 2160 970 2221 Alii
1005 2173 1281 2243 negant,
1341 2161 1532 2221 ullam
1579 2160 1820 2224 misisse
1863 2181 2119 2235 vocem,
2181 2180 2263 2222 ne
2313 2179 2397 2220 ue
2440 2175 2584 2241 prae

619 2242 1009 2307 irruentium
1040 2241 1454 2304 multitudine
1481 2241 1702 2305 facere
1728 2242 2070 2328 quidquam
2097 2243 2281 2328 potui
2336 2261 2414 2319 e;
2459 2237 2583 2310 sed,

619 2338 771 2406 toga
808 2343 876 2385 ca
930 2325 1006 2385 iti
1043 2324 1369 2396 obvoluta,
1417 2324 1605 2385 sim‘ul
1644 2323 1892 2386 sinistra
1925 2331 2114 2386 man'u
2151 2323 2477 2386 deduxiss'e
2508 2320 2584 2382 si-

621 2427 773 2466 num
805 2426 889 2468 ve
912 2407 1029 2480 tis,
1074 2419 1146 2467 ut
1180 2406 1502 2468 inferiore
1534 2419 1717 2490 parte
1752 2407 2052 2504 corporis
2081 2419 2248 2469 tecta
2271 2400 2586 2466 honestius

624 2486 924 2561 caderet,
986 2508 1116 2549 uno
1155 2501 1398 2550 tantum
1440 2486 1520 2548 ad
1557 2487 1836 2571 primum
1876 2502 2073 2551 ictum
2113 2487 2290 2551 edito
2332 2485 2582 2570 gemitu.

264 2576 358 2634 Aa
376 2572 606 2647 Pompeii
625 2571 771 2633 Hoc
803 2568 1023 2633 habitu
1062 2568 1301 2631 cecidit
1335 2569 1418 2630 ad
1443 2570 1742 2652 Pompeii
1772 2569 2059 2643 statuam,
2122 2589 2391 2653 eamque
2421 2568 2586 2646 largo

247 2651 505 2714 stum*-
629 2672 864 2715 cruore
896 2652 1257 2736 respersit3
1304 2671 1495 2734 quum
1530 2651 1720 2713 etiam
1759 2653 1825 2712 in
1865 2652 2178 2731 jacentem
2216 2650 2584 2714 saeviretur,

627 2754 1008 2818 manumque
1052 2733 1242 2795 Bruti
1298 2732 1617 2795 sauciaret
1662 2734 1942 2807 Cassius,
2020 2734 2248 2798 eodem
2304 2746 2587 2813 tempore

620 2817 873 2900 plagam
904 2816 1220 2877 inferens.
1304 2818 1408 2877 De
1446 2816 1657 2877 tribus
1696 2831 1763 2878 et
1795 2817 1859 2880 vi
1908 2817 2027 2879 inti
2058 2814 2460 2884 vulneribus,
2502 2820 2587 2901 tot

627 2899 800 2960 enim
853 2898 1020 2960 facta
1070 2912 1290 2970 erant,
1353 2897 1599 2960 nullum
1638 2897 1825 2962 fuiss'e
1895 2901 2060 2962 etale
2097 2897 2431 2968 medicus,
2489 2909 2588 2975 qul

631 3000 706 3043 ea
748 2980 1069 3064 inspexit,
1132 2979 1558 3056 existimabat,
1614 2996 1880 3065 praeter
1917 2981 2090 3065 quod
2131 2978 2418 3043 secundo
2452 2977 2587 3038 loco

632 3078 968 3147 acceperat
1006 3063 1075 3124 in
1112 3078 1405 3147 pectore.

320 3177 506 3232 Terror
536 3184 590 3232 ce
759 3172 927 3232 th.
978 3169 1309 3250 conjurati
1348 3191 1587 3254 corpus
1625 3169 1693 3231 in
1722 3169 2014 3232 Tiberim
2046 3167 2341 3241 trahere,
2390 3160 2629 3250 publi-a

262 3248 609 3300 tumultuum
636 3273 783 3315 care
820 3253 1019 3324 bona,
1065 3252 1447 3316 rescindere
1484 3266 1618 3314 acta
1641 3294 1657 3325 ,
1705 3252 1877 3349 quod
1914 3251 2128 3312 fuerat
2159 3250 2324 3333 ipsis
2361 3264 2588 3332 propo-

261 3314 520 3375 “⁶⁰¹⁶‘·
638 3336 870 3405 situm,
935 3348 1111 3396 metu
1159 3336 1446 3396 consulis
1483 3334 1791 3406 Antonii,
1856 3348 1921 3396 et
1978 3331 2258 3417 magistri
2315 3328 2586 3414 equitum

636 3417 911 3501 Lepidi,
976 3416 1504 3500 supersederunt.
1586 3415 1773 3489 -Sed,
1842 3415 1954 3500 qui
1993 3414 2061 3475 in
2105 3415 2283 3476 curia
2327 3426 2391 3475 et
2431 3410 2586 3472 circa

610 3519 777 3562 -eam
818 3512 1113 3562 exsortes
1151 3499 1413 3560 consilii
1448 3498 1740 3572 fuerant,
1790 3517 1980 3573 saevo
2021 3497 2388 3580 spectaculo
2423 3490 2584 3555 adto-

711 3693 858 3764 Cap.
889 3692 1070 3745 LVII.
1121 3690 1276 3745 Plut.
1328 3691 1496 3746 Caes.
1532 3701 1591 3747 et
1617 3692 1826 3746 Bruto.
1883 3688 2126 3743 Sueton.
2166 3685 2336 3766 Caes.
2359 3682 2447 3738 82.
2481 3676 2583 3758 ΑΡ·

639 3762 806 3835 pian.
858 3760 1009 3816 Plut.
1062 3760 1188 3816 Cic.
1220 3760 1366 3815 Phil.
1400 3780 1464 3828 2,
1500 3779 1581 3814 ιι.
1625 3761 1866 3815 Sueton.
1901 3757 2056 3811 Plut.
2090 3765 2149 3809 et
2175 3755 2428 3824 Appian.
2461 3748 2581 3800 Dio·

644 3835 892 3889 Sueton.
924 3831 1077 3885 Plut.
1115 3831 1360 3886 Sueton.
1398 3829 1536 3887 Dio.
1565 3829 1719 3884 Plut.
1749 3825 2001 3900 Appian.
2053 3823 2198 3895 Cap.
2217 3822 2423 3879 LVIII.
2449 3814 2582 3895 PJut·

539 3908 545 3915 ”
642 3902 735 3971 ΔΡ
786 3898 902 3953 ian.
942 3900 1186 3955 Sueton.
1223 3899 1360 3953 Dio.
1403 3898 1551 3953 Plut.
1592 3896 1844 3970 Appian.
1882 3893 2018 3949 Dio.
2068 3892 2315 3973 Sueten:
2348 3889 2435 3960 Ap
2481 3897 2583 3936 1³¹¹·

641 3917 782 4024 vai).
815 3973 965 4026 Max.
999 3971 1067 4038 4,
1100 3973 1152 4028 5.
1194 3968 1438 4023 Sueton.
1476 3966 1728 4040 Appian.
1767 3965 1921 4020 Plut.
1956 3963 2120 4016 CaeS.
2161 3962 2411 4042 Appiam.
2488 3950 2586 4030 1¹3¹·

643 4041 853 4163 grato.
890 4039 1049 4162 Ριξξι
1072 4041 1127 4111 4,
1153 4055 1203 4097 a.
1273 4038 1581 4110 cap.1.1x.
1617 4035 1873 4112 Appiam
1907 4030 2059 4089 Plut.
2096 4029 2265 4088 Caes.
2300 4030 2423 4085 L1v·
2442 4024 2586 4093 EW·

692 4118 892 4164 uetono
983 4125 1066 4163 10·
