2675 4642
621 216 749 293 77¹¹}
859 196 1282 272 faraman.
1307 122 2152 271 suPrLEmEkionnm
2170 130 2517 309 pmscm.

297 418 369 491 U·
394 436 447 475 Φ·
479 418 602 488 741·
636 423 786 485 dum
821 423 881 485 ia
916 417 1254 504 profectus
1287 416 1454 478 urbe
1487 411 1737 491 fuerat)
1779 429 1904 493 pro
1935 406 2159 471 restris
2180 454 2198 483 ‚
2258 421 2330 469 ut
2371 411 2441 471 in
2492 428 2609 488 pu-

298 493 369 547 A·
393 490 582 571 ⁰2²¹·
634 506 830 569 blicis
859 500 1202 566 funeribus
1243 500 1433 572 solet,
1479 494 1710 559 vestitu
1741 507 1985 555 mutato
2009 492 2260 554 laudata
2297 493 2409 556 est.
2486 495 2612 553 Ge-

305 562 555 637 ⁰⁶¹⁹⁰¹f³⁸
637 587 787 650 neri
828 586 968 667 ejus
1003 582 1423 662 (Marcellam.
1447 576 1766 641 Antonius
1804 574 1991 637 Julus
2027 573 2347 653 habebat3
2414 581 2612 639 Anto-

263 645 431 750 122⁹:ss
438 643 612 751 Ἕκ..
639 670 892 733 nint-,um
933 667 1134 731 altera
1166 666 1389 725 Druso
1411 705 1431 734 ,
1489 661 1689 722 altera
1737 660 1812 719 L.
1849 656 2140 719 Domitio
2173 657 2614 721 Ahenobarbo

265 777 381 820 tur.
641 750 986 834 nupserat)
1024 748 1333 809 humeros
1370 743 1708 823 subjecere
1736 739 2032 813 lecticae,
2067 759 2265 824 quum
2301 741 2387 803 ad
2410 743 2614 826 sepul-

643 853 825 898 crum
869 832 938 892 in
992 848 1279 914 campum
1336 824 1642 889 Martium
1694 821 2069 884 efferretur.
2167 823 2455 885 Senatus
2497 843 2612 906 pro

639 934 827 978 mere
863 927 1226 996 temporum
1274 909 1344 969 in
1383 904 1814 970 decernendis
1867 904 1930 965 ei
1974 902 2341 969 honoribus
2386 906 2616 969 libera-

640 998 775 1062 lior
806 995 952 1068 fuit,
999 1013 1186 1078 quam
1216 1005 1285 1054 ut
1322 988 1532 1052 omnia
1553 1030 1570 1060 ,
1614 988 1772 1049 licet
1806 983 1876 1047 in
1910 1004 2208 1070 germana
2253 1009 2497 1050 sorore
2521 1008 2618 1048 ea-

639 1078 881 1143 riss'ima
914 1089 980 1140 et
1010 1072 1482 1158 prebatiffima,
1527 1068 1905 1152 recipienda
1938 1067 2172 1130 Caesar
2204 1069 2614 1132 existimaret.

644 1174 918 1245 quantos
973 1173 1185 1219 tamen
1236 1154 1592 1216 convenire
1644 1151 1943 1234 putabat,
2006 1151 2321 1214 maximos
2375 1152 2615 1214 tribuit.

641 1244 751 1314 Et,
798 1261 882 1303 ne
914 1240 1225 1304 celeriter
1253 1234 1565 1319 exstingui
1594 1234 1903 1295 memoria
1940 1231 2076 1312 ejus
2105 1236 2358 1296 Romae
2399 1236 2612 1318 pollet,

647 1325 804 1386 eatis
875 1321 1209 1405 provisum
1266 1316 1597 1380 aedificata
1651 1315 1910 1400 porticu
1939 1359 1955 1391 ,
2022 1336 2212 1399 quam
2277 1332 2617 1381 vocaverat

647 1405 962 1470 Octaviae
984 1445 1001 1477 ,
1047 1403 1335 1483 rebatur.

773 1511 888 1577 Vl.
953 1510 1088 1573 Sub
1127 1508 1296 1570 idem
1337 1521 1592 1592 ternpus
1632 1520 1698 1569 et
1736 1520 1960 1569 vetera
1999 1505 2310 1593 quaedam
2348 1507 2618 1569 instituta

649 1607 1021 1678 resumpta,
1090 1604 1154 1654 et
1201 1591 1561 1672 excogitata
1600 1609 1767 1650 nova
1821 1605 1990 1653 sunt.
2071 1593 2345 1654 Flamen
2383 1593 2618 1663 Dialis,
2672 1590 2673 1663 J

704 1675 793 1739 ost
826 1675 1115 1738 Merulae
1165 1672 1427 1735 caedem
1452 1715 1469 1745 ,
1541 1673 1613 1734 C.
1654 1673 1891 1734 Caesar
1931 1688 2185 1736 creatus
2213 1718 2231 1749 ‚
2302 1672 2618 1734 adimente

708 1759 873 1832 ulla,
924 1756 1397 1827 sacerdotium,
1446 1754 1819 1838 priusquam
1858 1769 2239 1830 exerceret,
2301 1758 2617 1817 amiserat.

654 1861 737 1904 ex
784 1860 866 1902 eo
911 1853 1209 1922 tempore
1259 1858 1452 1920 quum
1503 1855 1706 1897 annos
1747 1856 1870 1919 per
1911 1839 2184 1921 amplius
2221 1836 2618 1921 septuaginta

649 1940 847 1985 nemo
884 1921 1092 1983 factus
1133 1921 1322 1990 esset,
1370 1919 1494 1980 hoc
1524 1932 1820 2000 tempore
1855 1919 2091 1981 iterum
2130 1919 2195 1981 id
2242 1920 2615 1982 Flaminium

652 2002 1064 2067 instauratum
1108 1999 1214 2063 est.
1302 2002 1470 2062 Cura
1510 1999 2054 2062 adservandorum
2105 2004 2617 2065 senatusconsul-

652 2100 869 2149 torum
901 2085 981 2147 ad
1015 2081 1382 2168 quaestores
1412 2082 1491 2143 ab
1518 2081 1800 2143 triburiis
1838 2095 1904 2143 et
1937 2083 2257 2145 aedilibus
2294 2085 2618 2161 translata3

658 2168 829 2252 quia,
857 2165 1353 2251 ‘adparitoribus
1383 2163 1756 2225 demandata
1788 2164 1907 2225 hac
1949 2164 2156 2228 officii
2188 2180 2408 2249 parte,
2458 2188 2619 2230 caus-

663 2270 799 2311 sam
828 2248 1167 2321 erroribus
1209 2260 1275 2308 et
1317 2245 1688 2308 confusioni
1724 2242 2056 2309 dederant.
2139 2249 2505 2310 Decretum
2537 2262 2620 2309 et-

659 2329 786 2392 iam
824 2344 998 2402 erat,
1055 2343 1125 2391 ut
1154 2332 1355 2393 Janus
1402 2327 1714 2388 Gem'inus
1748 2327 1963 2390 denuo
2004 2329 2466 2393 clauderetur:
2523 2330 2624 2392 sed

657 2411 1082 2476 intercess'ere
1116 2410 1307 2483 bella,
1356 2409 1551 2471 Dacis
1586 2410 1775 2470 simul
1805 2410 2250 2494 Delmatisque
2285 2426 2354 2474 et
2386 2417 2623 2474 Panno.

657 2496 793 2557 niis
837 2493 1349 2565 rebellantibus»,
1415 2506 1480 2553 et
1525 2505 1839 2552 commota
1882 2492 2154 2555 validius
2181 2537 2197 2565 ‚
2267 2517 2463 2579 quam
2503 2516 2623 2557 um·

660 2599 872 2660 quam,
919 2574 1302 2637 Germania:
1349 2572 1637 2656 ingentis
1666 2570 1969 2636 historiae
1998 2577 2305 2651 materia,
2371 2578 2504 2639 nisi
2529 2597 2623 2637 ve·

655 2671 870 2720 terum
915 2669 1325 2719 monumenta
1369 2655 1651 2717 omnium
1679 2696 1694 2727 ,
1762 2656 1996 2739 quibus
2052 2677 2166 2719 eae
2214 2676 2330 2720 res
2376 2660 2623 2720 fuerunt

658 2740 1016 2882 expoffitae,
1058 2750 1324 2823 praeter
1362 2737 1633 2821 exiguos
1665 2736 1841 2799 velut
1866 2737 2141 2813 indices»,
2181 2741 2500 2804 universa
2529 2742 2624 2803 de·

659 2822 810 2907 peri
865 2834 994 2883 ent.

732 3031 815 3087 Ca
862 3068 878 3086 .
903 3032 976 3087 V.
1012 3031 1167 3088 Plut.
1205 3031 1425 3086 Ancon.
1456 3030 1556 3084 fin.
1592 3029 1726 3089 nio.
1747 3030 1993 3087 Sueton.
2017 3030 2280 3106 Aug.61.
2358 3033 2444 3088 Ga
2496 3072 2512 3091 .
2540 3037 2623 3089 v1.

662 3099 794 3156 mv.
873 3098 978 3172 pit.
1022 3101 1266 3157 Sueten.
1298 3098 1450 3172 Aug.
1483 3118 1569 3167 ²9·
1609 3101 1858 3158 Sueton-
1892 3101 2042 3177 Aug.
2075 3105 2159 3159 31.
2198 3113 2260 3159 et
2286 3101 2386 3159 36.
2477 3122 2625 3180 upra,

661 3168 754 3241 80,
778 3172 868 3242 44.
904 3169 1151 3228 Sueten.
1184 3169 1336 3253 Aug.
1370 3172 1460 3228 δι.
1494 3167 1636 3227 Dio.
2292 3199 2305 3207 ’
