2675 4642
371 246 519 314 um
560 217 866 316 Locum
908 251 1440 324 Lm..cxxxv.
1483 251 1716 322 mvn.
1926 271 2049 334 717

59 470 192 530 mis
228 463 587 537 resisteret,
635 464 946 550 operibus
979 465 1397 549 expugnanda
1429 466 1576 529 fuit.
1658 467 1882 550 Igitur,
1929 465 2045 527 ob·
2110 457 2179 515 U·
2203 474 2255 512 θ·
2277 470 2404 524 727·

68 551 268 612 ducta
306 570 427 631 per
467 547 837 631 quindecim
870 546 1075 607 millia
1113 548 1396 629 pass'uum
1440 548 1633 623 solra,
1700 553 1894 633 quum
1930 548 2046 608 ali-
2106 528 2177 584 A·
2205 523 2383 586 0⁶²5·

67 646 181 694 ter
223 631 664 713 captivitatem
707 628 1000 712 effugere
1036 627 1295 692 barbari
1325 632 1706 714 nequirent,
1764 632 1935 692 inter
1976 648 2049 690 e·
2250 654 2258 658 ⁴
2346 645 2353 652 “

71 714 270 797 pulas
325 733 398 775 se
436 711 734 775 certatim
779 711 966 796 igue,
1028 710 1248 784 ferro,
1309 732 1382 775 ac
1437 732 1691 776 veneno
1749 730 2048 797 pereme-

66 808 255 858 runt,
359 843 366 852 .
419 825 426 836 ·

741 857 782 892 ⁰·

122 910 142 966 ἶ
210 900 354 961 xu.
387 902 632 961 *Taxus‘
677 900 871 962 arhor
916 900 984 962 in
1032 898 1350 985 Hispania
1393 901 1713 965 nasciturt
1772 897 1964 980 hujus
2010 917 2048 959 e
2112 934 2410 998 onuba..
2470 937 2476 944 -

68 980 308 1043 baccis
339 1001 657 1045 venenum
687 983 1152 1064 exprimebant,
1206 996 1424 1045 cetera
1464 1003 1719 1067 quoque
1759 995 1884 1043 tam
1921 1001 2051 1040 ma·
2076 1031 2191 1068 rum
2199 1011 2410 1080 find,

70 1062 328 1125 {eficae
347 1074 748 1148 naturae,}'3ut
781 1064 956 1126 vasis
996 1086 1074 1127 ex
1117 1084 1195 1126 eo
1233 1066 1413 1147 ligno
1451 1064 1640 1127 factis
1681 1065 1824 1129 vina
1846 1059 2049 1138 ‚diflu-
2076 1085 2136 1135 dn
2158 1081 2391 1134 conscis-

78 1167 156 1206 sa
211 1160 489 1208 mortem
521 1144 848 1210 adferant.
892 1145 1045 1209 hinc
1090 1145 1304 1217 taxica
1346 1159 1563 1208 vocata
1604 1160 1849 1232 putant,
1890 1163 2051 1226 quae
2077 1150 2238 1205 unda
2264 1148 2374 1201 sibi

78 1228 525 1309 vulgsttoxica
552 1230 983 1296 nominantur.
1065 1229 1199 1291 Alii
1229 1228 1486 1290 toxicon
1523 1248 1602 1289 ex
1643 1228 1847 1292 herba
1882 1226 2050 1298 fieri,
2076 1229 2266 1277 *wm-
2344 1277 2348 1282 .

79 1307 586 1371 similitudinem
617 1311 751 1393 apii
786 1309 1140 1383 referente,
1183 1308 1461 1373 tradunt.
1531 1309 1601 1370 id
1631 1314 1927 1394 quoniam
1963 1309 2055 1371 ci·
2138 1341 2148 1350 ·

85 1405 201 1453 tra
246 1388 543 1451 dolorem
577 1405 804 1467 necet,
846 1391 1191 1454 adservare
1226 1390 1550 1474 Hispanos
1588 1393 1656 1451 in
1699 1391 2059 1455 remedium
2155 1458 2159 1469 ¹

95 1470 468 1534 acerbioris
528 1492 748 1535 casus:
812 1493 926 1536 eos
995 1474 1302 1544 maxime,
1364 1494 1525 1557 quos
1583 1474 1812 1557 gentili
1875 1492 2057 1534 more

0 1547 3 1558 ’
94 1552 534 1637 supervivere
560 1552 698 1637 post
729 1568 1002 1617 mortem
1042 1557 1202 1636 ejus,
1246 1556 1350 1617 cui
1388 1576 1456 1617 se
1499 1543 1909 1627 devoverint,-
1946 1573 2062 1614 ne-

97 1636 207 1697 fas
271 1633 565 1702 habetur.
648 1637 793 1699 Hoc
845 1638 1036 1699 modo
1091 1637 1488 1720 consumptis
1544 1637 1916 1721 plerisque,
1976 1655 2062 1696 ne
2134 1633 2159 1644 ⁸

92 1714 369 1802 quidem
417 1718 665 1779 servari
707 1738 931 1802 magna
966 1741 1116 1802 pars
1152 1739 1399 1794 eorum,
1448 1719 1558 1803 qui
1589 1719 1657 1780 in
1690 1715 2063 1802 potestatem
2158 1761 2163 1766 ,

96 1811 456 1870 venerant,
514 1813 809 1883 potuere.
882 1801 1243 1862 adnotatum
1290 1799 1412 1872 est,
1457 1823 1492 1862 a
1571 1821 1752 1873 uero,
1782 1799 2064 1883 gladium

96 1881 289 1943 forte
313 1894 522 1953 nacto,
564 1880 727 1963 juss'u
762 1883 965 1966 patris
997 1896 1294 1965 parentes
1336 1902 1478 1943 cum
1543 1882 1820 1944 ratribus
1850 1880 2066 1942 -omni-

98 1961 231 2024 bus
262 1963 726 2045 interemptos:
790 1964 1073 2048 itemque
1106 1965 1265 2025 alios
1315 1986 1437 2025 una
1479 1979 1735 2048 captos,
1797 1986 1832 2025 a
1876 1963 2066 2023 muli·
2100 1971 2113 1980 ²
2212 1971 2217 1984 '

104 2063 253 2105 ere.
337 2046 474 2104 Nec
514 2044 685 2104 enim
728 2044 841 2106 ille
879 2066 1066 2107 sexus
1108 2059 1247 2106 erat
1280 2047 1576 2114 mollior:
1638 2057 1705 2108 et
1734 2043 2068 2108 interfecti

106 2138 263 2186 sunt
313 2143 392 2185 eo
431 2125 606 2188 bello
638 2149 673 2187 a
705 2127 1011 2189 matribus
1057 2119 1504 2208 liberisnepin
1541 2124 1911 2211 potestatem
1945 2126 2068 2193 ¹ho-

103 2205 220 2270 stis
258 2205 642 2269 inciderent.
727 2211 903 2270 Inter
950 2203 1109 2271 haec
1149 2209 1471 2272 relevatus
1518 2209 1815 2270 nonnihil
1849 2208 2071 2292 Augu-

105 2288 243 2352 stus
285 2287 361 2348 ad
402 2288 606 2364 castra
627 2288 860 2351 rediit:
902 2290 1271 2373 fractosque
1298 2290 1419 2370 jam
1451 2288 1662 2368 hostes
1694 2304 1760 2353 et
1791 2291 1857 2351 in
1886 2289 2073 2352 'dedi-

107 2370 366 2433 tionem
406 2370 708 2455 adceptos
758 2372 988 2455 partim
1025 2373 1089 2432 in
1124 2376 1307 2455 plana
1344 2372 1606 2442 deduxit
1632 2416 1650 2446 ‚
1710 2393 1797 2433 ne
1838 2371 2074 2435 monti-

114 2473 230 2512 um
267 2449 497 2513 fiducia
524 2453 957 2531 rebellarent3
999 2454 1144 2514 aliis
1178 2448 1438 2517 obsides
1475 2455 1852 2539 imperavit3
1894 2453 2076 2517 fero-

117 2534 439 2597 cill'nnum
472 2554 789 2621 quemque
825 2535 942 2598 sub
978 2554 1215 2600 corona
1238 2535 1549 2600 uendidit.

247 2669 414 2728 xm.
462 2668 595 2731 Sub
620 2668 794 2731 idem
823 2683 1073 2754 tempus
1109 2666 1391 2742 Astures,
1433 2667 1760 2733 montibus
1795 2666 1931 2730 suis
1967 2659 2079 2755 de-⁴
2140 2684 2359 2753 Astur„
2387 2699 2426 2736 a

127 2749 353 2833 grem,
401 2749 594 2813 castra
626 2751 798 2833 juxta
828 2751 1068 2832 flumen
1105 2748 1388 2813 Asturam
1426 2752 1630 2832 (unde
1659 2770 1894 2813 nomen
1922 2771 2082 2833 gen·
2114 2758 2174 2810 Τ.
2202 2755 2415 2809 Carisi·

125 2832 226 2910 ti)
262 2847 632 2915 posuerant.
716 2834 871 2896 Inde
903 2845 934 2910 ‚'
984 2834 1297 2896 trifariam
1342 2832 1574 2896 divisis
1610 2834 1822 2916 copiis
1846 2874 1865 2904 ,
1929 2831 2083 2893 toti·
2110 2822 2326 2879 ‘¹⁰⁶⁰'st-
2371 2897 2379 2906 ,

124 2913 283 2974 dem
311 2917 607 2976 ‘Romana
647 2912 841 2977 castra
872 2907 1336 3001 oppugnaturi,
1393 2916 1729 2976 maximum
1764 2927 2088 2975 terrorem

124 2995 466 3089 imparatis
509 2995 992 3082 periculumque
1029 2995 1415 3074 intuliss'ent3
1471 2995 1601 3058 nisi
1642 3000 1719 3060 T.
1762 2994 2088 3067 Carisius,

128 3077 545 3158 Trigaecinis
588 3081 914 3140 sociorum
960 3077 1231 3141 consilia
1263 3076 1723 3160 prodentibus,
1783 3072 2090 3146 instructo

129 3177 283 3218 cum
320 3161 610 3221 exercitu
638 3162 1031 3224 occurriss'et.
1080 3162 1427 3222 Cruentum
1456 3160 1549 3232 ibi
1588 3171 1910 3220 certamen
1944 3157 2096 3230 fuit,

128 3239 360 3300 multis
402 3242 726 3326 utrimque
767 3241 1174 3313 cadentibus,
1225 3239 1433 3303 donec
1470 3242 1538 3301 in
1566 3240 1780 3326 fugam
1820 3239 1943 3301 acti
1980 3238 2100 3299 ho-

140 3318 274 3382 stes
302 3321 623 3398 Lanciam,
671 3324 926 3386 urbium
957 3342 1210 3386 suarum
1247 3323 1599 3394 maximam,
1646 3319 2096 3405 confugerunt.

137 3404 306 3463 Eam
342 3404 580 3466 milites
620 3405 696 3467 ab
739 3405 837 3468 ira
885 3404 1235 3490 pertinacis
1272 3404 1512 3486 proelii
1546 3405 1765 3476 delere
1799 3401 2105 3476 incendio

134 3484 527 3568 cupiebant:
572 3485 778 3550 donec
831 3488 1138 3560 Carisius,
1182 3506 1312 3552 non
1348 3505 1547 3571 parvo
1588 3484 1752 3571 apud
1792 3498 2108 3567 utrosque

133 3563 453 3648 negotio,
515 3568 802 3631 barbaris
845 3568 1276 3643 deditionem,
1341 3568 1474 3631 suis
1519 3565 1929 3632 clementiam·
1956 3586 2107 3649 per-

101 3715 106 3718 ,
146 3648 386 3726 suasit3
445 3662 517 3711 ut
573 3650 885 3714 victoriae
942 3654 1266 3716 Romanae
1302 3648 1491 3715 'stans
1599 3651 1767 3713 otius
1832 3647 2106 3721 Lancia,

148 3750 342 3813 quam
381 3730 647 3794 incensa
669 3775 685 3806 ,
740 3747 1217 3795 monumentum
1254 3732 1491 3795 effet.»
1581 3752 1696 3794 ane
1728 3730 2106 3802 victoriam,

151 3810 457 3878 omnihus
492 3813 739 3878 circum
777 3815 1127 3890 exterritis,
1174 3828 1441 3899 sequuta
1472 3814 1685 3898 gentis
1716 3809 1803 3906 est
1838 3810 2110 3886 deditio,

169 3971 190 3988 l
229 3999 377 4072 Cap.
398 4002 528 4060 xn,
564 4002 719 4058 Plin.
752 4005 834 4072 16,
866 4020 949 4059 10.
986 4011 1045 4057 et
1073 4002 1232 4057 Flor.
1268 4000 1423 4056 Plin.
1477 3999 1716 4065 Strabo,
1746 3999 1790 4055 l.
1810 4000 1865 4056 3.
1896 4017 1959 4071 p.
1993 3997 2112 4055 165.

155 4067 405 4135 Strabo,
436 4071 478 4130 l.
500 4073 555 4130 3.
588 4091 652 4150 p.
684 4074 799 4138 264.
838 4070 999 4126 Flor.
1074 4071 1394 4145 Cap.XIII.
1429 4070 1590 4123 Flor.
1614 4080 1670 4122 et
1688 4071 1863 4125 Oros.
1902 4066 2118 4124 Isidor-

142 4137 577 4217 Etymologcq,
618 4160 671 4199 2.
720 4141 885 4200 Flor.
920 4150 979 4196 et
1014 4139 1190 4197 Oros.
1246 4139 1385 4196 Dio.
1435 4127 1601 4196 Flo'r.
1638 4149 1698 4198 et
1731 4139 1905 4198 Oros.
1968 4136 2108 4216 Dio.
