2675 4642
423 278 428 289 -
465 252 563 321 m
591 253 914 321 Locum
937 202 1117 318 Lm.
1157 253 1386 323 cmv.
1429 254 1667 361 mvn.
1995 252 2112 334 187

0 480 1 493 ¹
99 465 396 548 imperio
435 464 741 527 Caesaris
779 466 1070 540 occisos,
1112 486 1328 551 neque
1369 465 1637 529 dubium
1676 442 1963 552 estapud
1996 489 2105 529 au·
2169 457 2238 516 U·
2267 460 2463 528 00708·

0 582 1 593 κ
102 562 324 609 ctores
377 549 787 630 plerosque,
849 568 1064 630 neque
1115 548 1280 610 adeo
1331 549 1608 621 mirum,
1666 550 1816 631 quia
1868 551 2102 621 semel,
2163 530 2457 599 *⁹04⁶*-

101 629 454 713 impetrata
494 631 688 691 venia
709 672 740 713 ⁹„
772 629 1006 695 dimiss'i
1043 630 1259 692 denuo
1298 630 1379 691 ad
1415 631 1913 715 oppugnandum
1960 652 2108 693 eum

110 733 178 772 se
210 725 725 773 converterantz
768 712 876 773 cui
912 714 1140 796 generi
1174 711 1507 773 hominum
1542 711 1710 773 haud
1744 713 1889 774 sine
1922 733 2110 775 caus-

115 815 176 854 sa
208 809 349 856 erat
386 794 889 855 infensiss’imus.
977 795 1277 855 Servavit
1311 808 1524 856 tamen
1565 794 1672 857 hic
1708 815 1969 878 quoque
2006 797 2110 856 in-

107 873 384 936 stitutum
426 891 657 945 suum,
699 889 771 937 ut
806 876 1159 938 amicorum
1196 884 1387 959 atque
1418 874 1830 938 familiarium
1870 877 2111 961 depre-

0 999 3 1010 ·
108 957 340 1018 cationi
376 956 1140 1040 condonaret,singulos.
1203 959 1291 1029 Et
1318 958 1629 1020 Octavius
1660 957 1922 1042 quidem
1951 959 2110 1020 ado-

103 1038 388 1112 lescens,
443 1041 565 1123 qui
594 1037 806 1122 postea
830 1037 1149 1121 Augustus
1180 1062 1211 1100 a
1262 1041 1541 1124 peilatus
1569 1037 1677 1108 est,
1718 1061 1842 1123 pro
1865 1041 2109 1124 Agrip-

101 1142 220 1204 pae
256 1124 362 1183 sui
402 1121 642 1192 fratre,
687 1123 798 1206 qui
832 1121 1064 1183 eodem
1100 1123 1206 1185 bel
1237 1142 1277 1183 o
1312 1120 1483 1206 apud
1508 1124 1597 1183 M.
1621 1122 1926 1187 Catonem
1958 1122 2104 1184 sue-

102 1218 236 1277 rat,
279 1204 684 1265 avunculum
730 1203 1045 1293 exoravit.

216 1311 459 1374 LXIV.
508 1309 645 1385 sed
684 1308 909 1393 Scipio
949 1325 1016 1371 et
1042 1314 1120 1371 T.
1145 1312 1543 1394 Torquatus,
1586 1330 1841 1393 unaque
1868 1309 2100 1374 Dama·
2163 1319 2256 1377 Sci
2294 1320 2477 1376 tona.

110 1394 327 1478 sippus
379 1406 451 1454 et
487 1390 865 1454 Plaetorius
903 1390 1277 1463 RustianuS,
1347 1410 1490 1451 cum
1539 1389 1882 1452 duodecim
1922 1393 2100 1453 navi·
2128 1391 2347 1473 meyri
2364 1391 2480 1445 ⁹¹⁰7!

105 1474 219 1537 hus
265 1473 529 1557 apertis
578 1475 846 1536 multum
886 1474 1128 1558 diuque
1165 1472 1421 1556 jactati,
1480 1494 1675 1558 quum
1722 1473 2104 1558 Hispaniam
2128 1472 2437 1532 “tumn'-

110 1556 444 1642 peterent,
493 1555 794 1619 adversis
831 1558 1043 1618 ventis
1072 1558 1139 1618 in
1166 1555 1457 1618 Africam
1489 1555 1700 1626 relati,
1741 1556 1909 1641 apud
1937 1556 2103 1654 Hip..

111 1661 332 1722 ponem
366 1638 740 1720 Regium-a
781 1640 971 1701 class'e
998 1637 1258 1701 P.'Sitii
1297 1637 1729 1722 excipiuntur.
1817 1637 1915 1698 Ibi
1960 1639 2105 1700 Sci-

155 1723 247 1789 io,
292 1742 502 1807 quum
544 1719 1121 1793 animadverteret,
1166 1719 1400 1789 navim,
1447 1741 1570 1803 qua
1598 1718 1978 1790 vehebatur,
2024 1721 2104 1782 ab

116 1743 386 1866 testibus
427 1803 615 1886 capi,
664 1801 996 1886 gladiose
1036 1803 1560 1865 transverberat:
1616 1802 1690 1865 bt
1727 1803 2106 1887 quaerenti-

117 1886 260 1960 bus,
305 1886 432 1971 qui
460 1886 724 1946 interea
759 1886 1171 1969 irruperant,
1215 1884 1328 1947 ubi
1360 1884 1715 1967 imperator
1744 1884 1936 1956 ess'et,
1985 1884 2107 1943 Im.

122 1986 355 2049 perator,
422 1968 680 2050 inquit,
735 1966 864 2026 bene
913 1968 962 2041 [ὲ
1005 1967 1181 2027 habet.
1268 1966 1522 2028 Eodem
1555 1980 1852 2049 tempore
1895 1964 2104 2028 ceteri

132 2071 361 2133 quoque
411 2072 449 2111 a
493 2049 771 2111 Sitianis
815 2047 1135 2121 militibus
1184 2048 1667 2109 interimuntur.
1776 2048 1963 2109 uibus
2018 2046 2104 2108 ob

129 2147 387 2194 navatam
419 2152 508 2193 eo
541 2131 720 2192 bello
756 2151 1020 2215 operam
1049 2151 1244 2215 quum
1277 2130 1399 2192 alia
1428 2128 1712 2214 praemia
1784 2129 1919 2192 edit
1942 2131 2104 2193 Cae-

126 2234 261 2284 sar,
311 2228 442 2275 tum
487 2213 774 2286 Cirtam,
837 2213 990 2275 olim
1041 2220 1268 2297 regum
1315 2211 1609 2284 domum,
1672 2232 1859 2293 quam
1905 2231 2105 2296 cepe-

115 2309 287 2359 rant.
329 2295 749 2358 habitandam
786 2295 1129 2361 concess‘itt
1186 2293 1360 2358 unde
1405 2292 1661 2355 colonia
1702 2294 2100 2356 Sitianorum

113 2379 446 2463 appellata.

215 2486 425 2548 LXV.
479 2488 637 2569 lpse
685 2483 951 2545 interim
989 2482 1224 2544 Zamae
1273 2480 1583 2566 pecunias
1635 2481 1853 2564 cogit,
1910 2482 2091 2546 cives
2157 2476 2454 2564 Salfufflflt

106 2567 472 2640 Romanos,
542 2568 656 2650 qui
700 2578 925 2629 contra
964 2585 1036 2626 se
1073 2576 1551 2648 pugnaverant,
1607 2565 1867 2625 multat:
1934 2586 2090 2649 pro·
2118 2546 2409 2632 N’m‘df‘u

105 2650 451 2733 vinciaque
489 2668 576 2708 ex
609 2648 817 2731 regno
850 2647 1055 2718 facta,
1103 2648 1175 2708 C.
1213 2642 1574 2711 Sallustium
1617 2647 1919 2728 Crispum
1967 2667 2090 2730 pro
2114 2618 2493 2690 ‘'nst‘'‘m‘’

106 2732 368 2792 consule
408 2727 754 2815 praeficit,
802 2730 910 2811 qui
947 2743 1073 2790 tam
1107 2726 1300 2791 avide
1327 2727 1570 2789 dicitur
1605 2729 1908 2811 expilass'e
1937 2749 2093 2812 pro..

103 2813 418 2883 vinciam,
463 2824 544 2872 ut
577 2811 705 2873 hoc
742 2811 805 2871 ei
842 2809 1030 2872 fuiss'e
1067 2809 1422 2890 injunctum
1460 2829 1494 2869 a
1524 2810 1799 2872 Caesare
1834 2810 2096 2892 quidam

103 2894 557 2957 crediderintt
612 2893 724 2954 alii
763 2905 1017 2976 pactum
1056 2911 1200 2953 cum
1236 2913 1318 2955 eo
1358 2897 1582 2972 magna
1618 2892 1890 2974 pecunia
1930 2893 2096 2953 scri-

104 2991 374 3060 pserunt
398 3019 420 3050 ,
468 2995 560 3036 ne
601 2976 871 3037 cauffam
909 2973 1182 3035 diceret.
1265 2972 1556 3044 Deinde,
1600 2974 1924 3055 regress'us
1953 2974 2096 3035 Uti-

109 3077 267 3132 cam,
327 3060 513 3120 bona
559 3077 821 3127 eorum,
889 3057 1000 3138 qui
1045 3055 1165 3119 sub
1206 3055 1517 3138 Scipione
1564 3052 1875 3137 duxerant
1914 3054 2096 3116 ordi-

91 3160 242 3216 nes,
283 3138 628 3203 vendidit.
692 3138 1124 3221 Thapsitanos
1157 3135 1760 3218 Adrumetanosque
1797 3136 2092 3223 Pecunia,

111 3223 494 3306 Leptitanos
533 3221 763 3284 tricies
803 3219 1095 3281 centenis
1134 3218 1422 3280 millibus
1458 3216 1680 3302 pondo
1718 3218 1849 3279 olei
1886 3219 1951 3278 in
1983 3240 2096 3278 an-

117 3322 218 3366 nos
248 3304 590 3388 singulos,
634 3300 1046 3363 Tisdritanos
1073 3315 1256 3363 certo
1285 3299 1596 3361 frumenti
1624 3297 1819 3361 modo
1847 3301 2092 3365 multat.

215 3413 458 3475 LXVI.
508 3411 692 3471 Inter
722 3407 885 3467 haec
915 3427 1054 3467 rem
1083 3428 1365 3469 summae
1396 3404 1927 3477 mansuetudinis,
1976 3404 2093 3467 sed
2154 3408 2432 3480 Epistola:

107 3507 167 3557 et
186 3491 613 3577 prudentiae,
658 3489 837 3562 facit,
883 3488 1267 3563 cremandis,
1307 3509 1471 3573 quae
1499 3500 1802 3582 repertae
1832 3486 1898 3547 in
1930 3487 2092 3549 scri·
2118 3478 2457 3533 “ituram“-

104 3577 206 3639 nio
241 3568 601 3660 Scipionis
641 3584 857 3645 erant,
902 3571 1229 3633 variorum
1263 3568 1585 3656 epistolis:
1631 3583 1799 3630 slcut
1827 3583 1892 3631 et
1923 3566 2093 3653 apud
2115 3548 2465 3671 :azazel

2284 1779 2321 1813 Ι

161 3732 555 3809 oap.1.x111.
593 3732 822 3787 Zonar:
849 3730 1014 3787 Flor.
1052 3729 1190 3785 Dio.
1225 3729 1474 3785 Sueton.
1506 3723 1698 3781 Nicol.
1727 3726 1995 3779 Damasc.
2017 3722 2094 3779 dc

103 3803 332 3859 institut.
375 3803 544 3875 Aug.
583 3799 713 3854 cie.
744 3800 820 3854 ad
835 3804 1000 3854 Fam.
1026 3802 1079 3865 6,
1115 3801 1195 3856 13.
1235 3797 1373 3852 Dio.
1411 3794 1909 3869 Nicol.Damasc.A
1940 3794 2089 3864 Gap·

103 3876 294 3930 LxIV.
353 3876 549 3929 Oros.
597 3867 772 3924 Auct.
808 3869 881 3924 de
910 3871 980 3925 Β.
1009 3867 1197 3923 Afric.
1246 3863 1502 3938 Appian.
1550 3861 1689 3916 Dio.
1741 3863 1914 3916 Oros.
1957 3863 2093 3919 Val-

100 3944 316 4009 Max.3,
338 3962 397 3998 ς.
444 3943 595 3997 Seu.
628 3937 807 4008 Epist.
829 3944 913 4004 πί..
952 3937 1117 3992 Flor.
1154 3937 1281 3990 Liv.
1313 3933 1472 4007 Epit.
1508 3931 1679 3985 Auct.
1712 3927 1784 3985 de
1811 3933 1885 3985 Β.
1906 3931 2092 4001 Afric.

101 4013 230 4086 Cap.
252 4014 441 4068 LXV.
489 4006 752 4082 Appian.
781 4006 956 4062 Civil.
982 4006 1024 4060 1.
1044 4011 1102 4074 4.
1135 4005 1313 4066 Mela,
1336 4023 1383 4068 ι,
1404 4007 1457 4057 6.
1495 4000 1645 4054 Plan.
1673 4004 1725 4061 5,
1745 4002 1798 4056 3.
1830 4001 2000 4053 Auct.
2014 3998 2093 4087 de

96 4084 157 4137 Β.
186 4081 385 4138 Afric.
437 4077 711 4151 Appian.
761 4076 904 4130 Dio.
947 4076 1071 4132 Cic.
1116 4076 1177 4130 in
1200 4072 1434 4157 „Santi-st.
1486 4071 1654 4126 Auct-
1697 4067 1770 4125 de
1799 4071 1871 4125 Β.
1901 4067 2088 4125 Afric.

93 4151 472 4228 cap.va1.
512 4147 660 4203 Dio.
699 4144 854 4202 Plin.
874 4163 930 4216 7,
948 4148 1036 4205 25.
