2675 4642
12 3414 15 3487 k

503 235 597 298 ιΝ
637 231 956 299 Locum
990 233 1161 296 mn.
1210 232 1504 300 cxxiv.
1547 214 1781 302 mvn.
2031 231 2156 310 433
2211 320 2218 325 .

131 466 270 506 ram
314 447 554 517 aciem,
607 438 795 527 quarn
835 436 1072 506 Caesar
1118 456 1555 528 opposuerat,
1601 444 1881 528 perfert.
1972 445 2151 508 Sini-
2213 445 2287 500 U·

129 525 326 589 strum
365 527 742 588 id·‘hostium
776 545 982 588 cornu
1018 541 1194 589 erat:
1241 525 1310 586 id
1352 546 1613 611 quoque
1646 527 1977 590 circumiit
2006 549 2157 591 cum
2213 516 2265 570 A

133 610 403 692 legione
456 631 571 671 sua
614 604 935 682 Mostella,
1002 607 1469 692 sequentibus,
1540 629 1704 692 quae
1736 610 1916 689 juxta
1967 624 2154 673 erant

134 694 532 753 collocatae:
639 690 950 773 aucisque
992 691 1133 771 ejus
1176 705 1242 753 et
1278 691 1592 752 extremis
1621 690 1978 753 ordinibus
2019 692 2158 755 dis-

130 774 344 854 jectis,
395 775 464 834 in
501 713 696 836 caffra
729 773 1028 835 Caesaris
1063 768 1486 857 penetratur.
1531 794 1760 857 magna
1794 774 1885 835 ihi
1919 774 2158 838 caedes

132 855 295 918 facta
330 876 587 930 eorum,
636 856 747 938 qui
784 854 1184 938 deprehensi
1219 856 1288 917 in
1324 854 1547 918 castris
1587 870 1796 918 erant.
1843 857 2015 919 inter
2045 877 2159 921 ce-

131 952 308 1000 teros
345 938 481 1000 duo
518 938 721 999 millia
757 939 975 999 occisa
1009 939 1499 1022 Spartanorum,
1546 938 1662 1022 qui
1694 957 1931 1001 recens
1958 939 2155 1002 domo

142 1021 566 1082 advenerant.
652 1022 801 1102 Ipse
843 1022 1120 1093 Caesar,
1165 1020 1422 1083 Artorii
1463 1034 1697 1103 rogatu
1736 1022 1954 1105 paullo
1999 1018 2151 1084 ante'
2218 1052 2222 1063 *

132 1101 347 1165 castris
400 1104 645 1175 elatus„
714 1101 986 1165 evitavit
1023 1116 1263 1165 certam
1305 1102 1711 1185 perniciem,
1774 1104 1930 1165 licet
1974 1106 2148 1165 sum·
2243 1179 2249 1185 .

131 1205 230 1257 mo
277 1183 667 1246 discrimine
714 1203 787 1245 ac
826 1183 1136 1267 molestia.
1210 1205 1359 1245 nam
1399 1197 1466 1246 et
1503 1205 1703 1247 vacua
1736 1187 1969 1248 lectica
2006 1185 2145 1267 ejus

171 1268 276 1328 ilis
316 1281 518 1351 atque
558 1265 785 1347 jaculis
826 1266 1170 1330 transfoss'a
1210 1264 1343 1344 est3
1373 1262 1454 1330 ‘et
1491 1266 1638 1352 ipse
1673 1266 1896 1330 triduo
1933 1268 1999 1328 in
2030 1290 2145 1353 pa-

193 1349 275 1410 de
317 1363 672 1431 aegrotus,
728 1361 827 1422 et,
873 1362 945 1411 ut
976 1350 1274 1434 Agrippa
1308 1352 1789 1432 Maecenasque
1828 1349 2140 1425 fatentur,

129 1452 283 1514 aqua
327 1445 566 1514 supter
610 1443 821 1492 cutem
865 1432 1009 1493 fusa
1047 1430 1353 1516 turgidus
1388 1432 1595 1504 latuit,
1646 1432 1856 1493 donec
1892 1431 1972 1493 ad
2002 1432 2142 1494 An-

129 1512 287 1574 tonii
327 1533 545 1574 cornu
581 1512 734 1596 fuga
775 1514 1184 1596 perveniret.
1286 1515 1555 1576 Interim
1606 1528 1673 1576 et
1705 1517 1950 1575 Brutus
1993 1534 2140 1576 cum

129 1596 363 1657 ceteris
427 1594 644 1677 copiis
696 1608 1086 1680 perruperat
1135 1597 1436 1660 Caesaris
1489 1596 1731 1659 aciem:
1796 1593 2141 1678 stratisque

129 1678 331 1739 trihus
376 1677 790 1760 legionibus,
851 1690 916 1740 et
958 1677 1231 1741 totidem
1277 1678 1517 1762 aquilis
1556 1678 1798 1765 captis,
1846 1697 1990 1739 cum
2036 1677 2142 1740 su-

136 1759 455 1844 gientibus
501 1757 806 1845 invcastra
839 1757 1112 1821 hostium
1152 1761 1497 1823 inciderat.

245 1868 352 1927 IX.
402 1866 574 1926 Mira
618 1886 699 1928 eo
739 1866 848 1929 die
890 1866 1094 1930 facies
1139 1887 1365 1931 rerum
1391 1864 1570 1940 'fuit‚
1634 1888 1830 1952 quum
1870 1865 2142 1931 fortuna
2197 1876 2481 1946 Ambfgnu

128 1951 323 2033 magis
372 1949 627 2023 omnia,
670 1969 858 2032 quam
892 1962 1001 2011 aut
1029 1951 1269 2013 virtute
1306 1965 1415 2015 aut
1450 1950 1729 2012 consilio
1753 1994 1769 2024 ,
1819 1971 2133 2036 regeren-
2161 1947 2426 2002 'mm‘-

125 2045 246 2093 tur.
331 2036 564 2114 ltaque
608 2052 731 2094 nec
775 2032 1209 2115 scriptoribus
1259 2035 1415 2097 satis
1455 2033 1629 2095 inter
1674 2053 1744 2094 se
1790 2035 2139 2107 convenit:

122 2134 332 2198 neque
400 2114 719 2196 explicari
773 2115 1249 2212 propemodum
1313 2137 1424 2179 res
1486 2127 1645 2189 tota,
1685 2113 1933 2198 potest3
2004 2117 2139 2180 nisi

124 2197 291 2279 quod
336 2197 833 2258 hinc‘Caesaris
890 2199 1262 2271 exercitus,
1327 2199 1485 2261 inde
1518 2196 1709 2259 Canii
1756 2218 1986 2260 caesus
2031 2199 2137 2261 su·
2191 2238 2205 2247 ·

124 2291 442 2363 gatusque
490 2277 613 2352 est,
690 2279 1065 2342 interfectis
1108 2281 1549 2345 Cass'ianorum
1601 2294 1752 2342 octo
1796 2280 2130 2354 millibus,

128 2360 610 2423 connumeratis
659 2375 725 2423 et
767 2364 979 2424 servis
1026 2364 1330 2441 armatis,
1378 2383 1543 2448 quos
1579 2362 1816 2444 Brigas
1860 2363 2134 2445 vocabat
2187 2436 2198 2443 ,

123 2445 402 2515 BrutuS,
474 2458 541 2506 et
593 2443 1129 2506 Caesarianorum
1191 2443 1483 2508 millibus
1544 2443 1856 2507 sedecim.
1937 2443 2137 2508 castra

125 2545 243 2607 quo
295 2547 383 2587 ue
443 2526 641 2587 utrim
693 2546 774 2588 ue
833 2541 1015 2610 capta
1073 2530 1259 2590 sunt:
1332 2549 1528 2612 quum
1582 2540 1797 2610 neque
1848 2527 2130 2600 Caesar,

123 2627 242 2688 quo
320 2622 582 2670 certum
613 2547 721 2682 effi,
765 2629 1004 2691 neque,
1045 2624 1120 2673 ut
1158 2633 1192 2672 a
1232 2612 1453 2673 multis
1485 2607 1570 2672 est
1600 2608 1941 2681 creditum,
1995 2610 2132 2671 An-

120 2689 376 2765 tonius,
443 2704 701 2773 pugnae
751 2689 1115 2753 adfuiss'ent.
1207 2692 1341 2755 Sed
1392 2692 1785 2764 Antoniani,
1848 2690 2131 2773 disjecto

122 2771 307 2835 cami
345 2793 593 2856 opere,
623 2793 1004 2856 -caesoque,
1053 2774 1522 2858 quoduaderat,
1568 2774 1927 2858 praesidio,
1976 2770 2129 2835 sub-

118 2852 321 2914 miss'as
371 2857 571 2916 etiam
608 2855 850 2916 auxilio
888 2856 1112 2939 copias
1149 2853 1353 2918 statim
1384 2878 1468 2940 pe
1518 2859 1814 2928 ulerunt,
1881 2856 2125 2940 equiti-

116 2929 230 2994 bus
270 2949 590 2998 contento
628 2956 823 3009 cursu
870 2936 949 2997 ad
992 2957 1169 2998 mare
1207 2938 1489 3023 fugienti
1537 2960 1633 3002 us.
1703 2958 1826 2999 nec
1865 2938 2123 3021 pedites

117 3016 390 3079 retineri
433 3032 826 3102 potuerunt,
886 3040 1270 3116 quamquam
1314 3021 1530 3082 omnia
1566 3019 1852 3081 faciente
1885 3019 2118 3093 Cass'io,

117 3099 219 3180 qui
270 3114 339 3161 et
397 3112 696 3183 ereptum
742 3100 1023 3184 fugienti
1068 3124 1123 3163 si
1174 3101 1391 3164 nifero
1432 3101 1687 3185 signum
1727 3114 1875 3164 ante
1910 3100 2119 3184 pedes

113 3176 282 3241 humi
336 3179 682 3243 defixerat.
781 3184 1049 3246 Interim
1095 3122 1175 3246 a}
1217 3183 1416 3247 castra
1456 3185 1597 3267 ipsa
1638 3183 2121 3246 contenderunt

111 3257 351 3339 hostes»,
419 3276 743 3348 quotquot
786 3264 1113 3345 objectum
1155 3288 1189 3326 a
1220 3267 1531 3330 Cass'ianis
1581 3286 1746 3349 opus
1791 3284 2115 3350 perrupe-

107 3360 283 3407 rant:
344 3367 555 3430 eaque
601 3366 711 3407 res
754 3346 1202 3411 animadversa
1254 3363 1630 3412 ceterorum
1663 3345 1881 3411 adhuc
1928 3360 2124 3423 extra¹

109 3427 301 3490 castra
346 3429 775 3514 pugnantium
813 3450 1124 3513 pavorem
1164 3431 1515 3517 fugamque
1554 3430 1747 3495 auxit.

206 3528 300 3596 X.
366 3540 460 3597 Ita
501 3536 782 3611 CaffiuS,
844 3539 951 3599 vix
996 3539 1326 3622 praetoria
1365 3538 1639 3601 cohorte
1675 3552 1965 3612 retenta,
2034 3558 2106 3602 se
2171 3540 2489 3598 Cas-vilet?-

103 3619 357 3702 recepit
410 3620 482 3679 in
533 3620 770 3680 collem
817 3619 1316 3704 Philipporum,
1391 3620 1563 3682 unde
1649 3635 1995 3705 rospectus
2036 3621 2106 3683 in
2132 3612 2489 3672 *ωῐῐθῒῒθῒο

34 3744 41 3753 .
104 3699 520 3781 circumjecta
555 3702 834 3784 patebat.
925 3700 1060 3766 sed
1098 3703 1475 3787 magnitudo
1515 3725 1600 3787 pu
1633 3704 1833 3779 veris,
1882 3717 1948 3766 et
1976 3724 2107 3767 nox

164 3863 313 3935 Cap.
344 3865 510 3920 Vlss.
548 3864 703 3920 Plut.
741 3863 899 3920 Ven.
925 3883 976 3931 2,
994 3881 1083 3932 7⁰·
1118 3864 1254 3918 Dio.
1282 3862 1552 3936 ‘Appiam
1587 3861 1742 3919 Plut.
1773 3863 1931 3920 Vell.
1962 3863 2104 3920 Dio.

102 3928 357 4002 Appian.
398 3934 562 3989 Flor.
602 3935 759 3988 Plut.
798 3935 1132 4003 Plin.7,45.
1180 3931 1602 4005 Sueton.Aug.
1629 3936 1709 3989 13.
1747 3932 1901 3988 Plut.
1954 3933 2105 4004 Cap.
2168 3964 2176 3969 -

103 3998 194 4055 IX.
236 4003 498 4074 Appian.
539 4003 688 4060 Plut.
730 4003 985 4077 Appian.
1021 4004 1174 4058 Plut.
1216 4005 1428 4060 Bruto.
1451 4014 1513 4057 et
1533 4009 1751 4060 Anton.
1791 4003 1954 4059 Flor.
1984 4003 2105 4074 Ap-

101 4068 255 4140 pian.
295 4074 453 4128 Plut.
496 4076 709 4129 Bruto.
732 4073 1005 4147 =Appiau.
1079 4074 1226 4146 Cap.
1250 4076 1321 4129 X.
1358 4073 1512 4128 Plut.
1550 4072 1691 4132 Dio.
1727 4071 1892 4132 Flor.
1924 4073 2103 4135 Oros.

12 4204 13 4231 ἢ
108 4139 361 4210 Δρρὶαη,

174 4225 498 4303 Supplem.
518 4228 649 4286 Liv.
682 4228 854 4286 Tom·
878 4227 1058 4327 XIV·
1568 4218 1632 4287 Ε
1655 4235 1698 4286 e
1787 4212 1798 4217 “
