2675 4642
341 222 497 324 446

777 224 1350 300 EPITOME
1413 223 1763 298 LIBRI
1815 215 2104 337 CXXV.

344 490 496 568 ter,
544 480 803 548 eadem
850 482 1111 550 Fulvia
1163 483 1632 565 consiliante,
1683 479 1955 547 bellum
2007 478 2307 544 Caesari
2359 477 2556 543 intus-

351 610 435 691 lit
453 634 480 696 3
539 610 832 695 receptis
875 594 947 676 in
981 615 1228 694 partes
1267 627 1449 688 suas
1485 590 1773 694 populis
1791 653 1817 692 ,
1872 622 2194 692 quorum,
2232 606 2393 693 agri
2435 624 2551 669 ve-

349 733 1047 833 teranis-adsignati
1088 743 1297 803 erant
1310 736 1346 820 ,’
1393 741 1463 799 et
1491 708 1597 800 Μ
1633 729 1905 819 Lepido
1924 779 1950 818 ,
2003 731 2128 818 qui
2159 727 2551 798 custodiae

349 861 554 929 urbis
598 883 766 928 cum
823 863 1138 930 exercitu
1181 866 1562 950 praeerat,
1610 859 1837 948 fusa,
1897 858 2259 929 hostiliter
2305 860 2379 927 in
2427 880 2554 927 ur-

352 989 514 1057 bem
563 991 851 1070 inrupit.

425 1211 576 1265 Cum
625 1205 866 1284 grandi
908 1204 1194 1280 periculo
1245 1204 1412 1263 inhi-

359 1278 522 1338 buit]
555 1280 694 1333 Vct.
722 1277 831 1331 lib.
869 1277 1075 1351 gravi.
1128 1278 1274 1333 SIG.
1322 1276 1415 1332 si.

354 1346 578 1402 militer
610 1346 774 1402 Leid.
799 1349 954 1401 Voss'.
982 1349 1162 1419 Berg.
1193 1347 1340 1400 Lov.
1359 1364 1411 1401 ι.

353 1415 586 1472 Boend.
609 1414 1008 1483 Exc.Pith0ei‚
1025 1426 1084 1471 et
1099 1414 1414 1487 ed.Camp.

440 1553 678 1611 Eadem
729 1555 945 1612 Fulvia
995 1554 1411 1615 consiliante]

357 1623 722 1693 consulente
749 1624 913 1679 Leid.
935 1627 1079 1679 Lov.
1101 1643 1154 1679 ο.
1180 1620 1412 1677 Boend.

354 1694 543 1748 Narv-
599 1705 656 1747 et
704 1692 850 1747 editi
890 1704 1024 1747 ante
1056 1695 1412 1756 Gruterum,

357 1762 461 1835 qui
482 1761 862 1830 consiliante
880 1763 1185 1835 reposuit3
1223 1778 1416 1834 neque

357 1832 535 1885 aliter
575 1832 636 1884 in
665 1833 822 1888 Voss'.
870 1844 930 1886 et
967 1834 1144 1905 Berg.
1190 1830 1414 1883 inveni.

356 1904 448 1956 De
482 1919 633 1955 voce
667 1900 1006 1958 consiliare
1051 1900 1217 1956 varie
1261 1899 1419 1953 inter

355 1970 522 2025 viros
556 1971 761 2024 doctos
791 1969 1185 2043 'disceptatum
1214 1969 1310 2027 est.
1347 1987 1415 2022 u-

301 2060 311 2070 ‘
357 2050 514 2095 trum
550 2040 688 2094 satis
716 2039 940 2105 Latina,
981 2051 1156 2113 atque
1187 2037 1413 2111 optimo

254 2121 275 2126 “
360 2108 560 2164 seculo
583 2107 791 2182 digna;
831 2127 903 2162 an
922 2110 1069 2163 'vero
1093 2125 1245 2181 pene
1264 2107 1415 2160 Lon-

358 2177 713 2250 gobardica‚
770 2189 871 2232 aut
903 2189 1064 2232 certe
1100 2175 1417 2249 posteriori

361 2252 594 2305 demum
612 2265 756 2302 aevo
770 2259 1012 2321 recepta
1028 2246 1233 2301 fuerit.
1246 2243 1415 2300 Prius

347 2318 585 2393 >placuit
622 2317 880 2374 Cellario
928 2319 988 2370 in
1016 2317 1159 2372 Cur.
1197 2315 1416 2379 Poster-

360 2403 500 2461 pag.
534 2389 622 2443 56.
659 2385 950 2459 posterius
985 2384 1175 2440 Andr.
1210 2384 1416 2437 Borri-

361 2460 495 2511 chio
531 2456 592 2508 in
614 2453 886 2528 Append.
911 2455 987 2512 ad
1007 2452 1247 2510 Cellarii
1269 2453 1414 2508 Cur.

357 2527 583 2582 Poster.
640 2529 902 2593 Verum,
935 2522 1076 2579 licet
1109 2521 1241 2596 quis
1276 2539 1417 2577 con.

361 2593 674 2656 tenderet,
734 2592 960 2663 optimo
1005 2611 1157 2657 aevo
1201 2590 1261 2644 in
1305 2610 1418 2646 usu

363 2682 485 2719 non
513 2662 700 2729 fuiffe,
744 2663 816 2717 de
836 2681 954 2736 quo
974 2680 1130 2716 nunc
1149 2659 1294 2714 nihil
1317 2660 1419 2714 de.

360 2732 525 2798 finio,
567 2732 627 2786 id
660 2744 856 2787 tamen
885 2733 1136 2788 verbum
1172 2738 1416 2785 auctore

264 2816 271 2825 ‘
360 2803 569 2856 harum
646 2802 1042 2875 epitomarum
1109 2798 1417 2870 indignum

362 2889 484 2925 non
515 2871 624 2926 effe
654 2871 931 2926 existimo.
972 2871 1050 2924 At
1078 2868 1320 2924 vicissim
1355 2867 1417 2921 id

362 2940 460 2995 vel
494 2957 560 2992 ex
597 2942 975 3012 conjectura,
1011 2939 1111 2994 vel
1143 2956 1211 2992 ex
1242 2936 1417 2992 unius

363 3019 465 3065 aut
497 3008 741 3067 alterius
762 3010 887 3065 Msti
915 3007 1268 3066 auctoritate
1299 3005 1418 3081 ipsi

1482 1182 1653 1267 Livio
1671 1205 1977 1266 vindicare
1997 1228 2120 1265 nen
2141 1206 2400 1265 audebo.
2442 1206 2559 1266 Vi.

1485 1280 1595 1348 de,
1652 1296 1803 1354 quae
1851 1292 2136 1336 notantur
2187 1278 2263 1335 ad
2294 1277 2454 1335 Livii
2488 1299 2553 1351 7,

1484 1351 1574 1418 31,
1610 1366 1659 1405 ι.
1700 1359 1757 1403 et
1791 1357 1878 1418 24,
1910 1351 1992 1418 28,
2027 1351 2083 1410 8.

1554 1489 1653 1546 M.
1671 1488 1936 1561 Lepido,
1965 1490 2074 1563 qui
2090 1485 2425 1545 custodiae
2445 1506 2555 1543 ur·

1486 1555 1582 1613 bis
1598 1577 1739 1614 cum
1757 1558 2043 1614 exercitu
2057 1566 2382 1632 praeerat,
2399 1559 2552 1614 scis·

1485 1645 1574 1693 so,
1607 1625 1927 1684 hostiliter
1944 1629 2011 1684 in
2032 1627 2249 1683 urbem
2271 1628 2552 1697 inrupit]

1484 1697 1624 1751 Vet.
1663 1695 1775 1750 lib.
1814 1697 1991 1770 fuso.
2048 1696 2195 1750 SIG.
2255 1695 2555 1750 Similiter

1483 1763 1653 1819 Leid.
1671 1765 1830 1819 Votr.
1857 1769 2052 1838 Berg.'
2070 1775 2128 1819 et
2145 1766 2291 1818 Lov.
2315 1782 2369 1818 ο.
2431 1767 2560 1817 Ve-

1487 1852 1619 1887 rum
1658 1833 1729 1886 τό
1751 1835 1907 1908 fuso
1938 1834 2037 1888 vel
2071 1836 2264 1891 scisso
2296 1833 2452 1906 deest
2489 1832 2557 1884 in

1485 1902 1720 1959 Boend.
1754 1913 1813 1958 et
1839 1902 1933 1958 ed.
1964 1904 2171 1973 Camp.
2216 1900 2335 1958 Sed
2364 1901 2549 1955 male.

1485 1974 1571 2026 Ea
1605 1972 1765 2027 enim
1794 1990 1943 2028 voce
1985 1972 2185 2026 omiss‘a
2220 1988 2416 2025 sensus
2448 1970 2548 2024 fo-

1485 2051 1615 2106 ret,
1651 2043 1713 2096 L.
1748 2040 2073 2101 Antonium
2112 2041 2290 2097 etiam
2321 2040 2407 2093 M.
2436 2040 2553 2092 Le·

1485 2108 1693 2182 pidum
1725 2110 1787 2164 in·
1815 2120 2015 2184 partes
2045 2128 2178 2165 suas
2207 2108 2554 2179 recepisse;

1487 2197 1666 2252 quum
1701 2189 1898 2234 tamen
1935 2197 2004 2234 ex
2037 2179 2295 2252 Appiani.
2325 2182 2386 2236 5.
2418 2177 2558 2232 Giv.

1486 2249 1608 2318 687.
1643 2250 1889 2314 constet,
1930 2248 2244 2304 Caesarem
2274 2246 2560 2302 Octavia·

1485 2335 1649 2385 num,
1688 2317 2128 2390 expeditionem
2164 2317 2458 2381 adversus
2488 2317 2559 2369 L.

1485 2383 2567 2468 Antoniumsuscepturum‚Lepidum
2673 2442 2674 2445 ,

1487 2474 1620 2510 cum
1636 2455 1862 2512 duabus
1874 2450 2201 2529 legionibus
2213 2455 2361 2510 urbi
2378 2472 2568 2526 prae-

1485 2525 1713 2592 feciss'e‚
1756 2525 2080 2593 Antonium
2111 2534 2328 2587 autem,
2371 2542 2568 2596 quum

1488 2595 1635 2648 clam
1669 2594 1740 2647 ad
1769 2595 1980 2649 urbem
2014 2594 2358 2659 accemffet‚
2399 2592 2567 2648 mira

1489 2661 1792 2718 celeritate
1844 2681 1973 2719 eam
2027 2662 2342 2734 ingrell'um
2398 2662 2523 2715 ess’e
2543 2699 2563 2731 ,

1484 2730 1678 2804 portis
1707 2732 1820 2788 sibi
1845 2730 2102 2806 proditis
2117 2750 2135 2800 3
2179 2750 2297 2804 quo
2317 2740 2570 2802 tempo-

1487 2819 1555 2855 re
1586 2802 1838 2875 Lepidus
1876 2801 1950 2856 ad
1982 2801 2297 2857 Caesarem
2335 2800 2566 2856 evasit.

1485 2869 1641 2925 Vide
1686 2872 1862 2927 etiam
1897 2869 2078 2924 Dion.
2118 2869 2268 2924 cam.
2293 2870 2389 2935 48,
2421 2871 2566 2938 364.

1485 2940 1805 2996 Praeterea
1846 2956 2025 2995 voces
2072 2957 2212 2997 cuni
2260 2941 2569 2998 exercitu
2667 2948 2668 2987 3

1487 3005 1791 3085 desuntin
1813 3012 1994 3086 Berg·
