2675 4642
492 308 586 388 m
629 320 946 387 Locum
991 322 1156 386 Lm.
1200 323 1344 387 cx.
1386 326 1619 395 mvn.
1933 310 1940 315 ’
1980 326 2066 409 67

100 533 340 606 Salonas,
388 512 602 616 q'uum
636 531 870 596 fru'stra
902 533 1218 606 tentass'et,
1265 520 1650 619 oppugnare
1689 533 1920 599 statuit.
1976 540 2082 601 At.
2121 535 2196 593 U.
2229 552 2284 591 c.
2312 536 2439 605 7⁰3·

1 629 4 652 ἵ
101 615 195 688 illi,
245 637 447 699 quum
498 616 587 677 ob
628 617 1022 700 paucitatem
1064 602 1368 678 resistere
1407 638 1537 678 nou
1575 618 1862 701 poss'ent,
1923 641 2061 682 ser·
2122 605 2195 662 A·
2223 606 2299 671 Β·
2336 614 2428 678 49·

1 717 6 772 ξ
100 716 183 758 vos
220 697 515 781 puberes
561 699 1120 770 manumiserunt,
1185 713 1252 760 et
1305 699 1652 760 mulierum
1702 702 2065 785 praesectis

98 780 341 840 crinibus
379 779 472 839 ad
506 793 840 842 tormenta
874 793 1027 841 sunt
1058 780 1181 841 usi.
1268 780 1604 854 Octavius,
1648 780 1884 844 horum
1912 805 2069 868 per..

94 861 284 923 tinacia
313 861 629 946 cognita,
679 864 972 945 quinque
1014 859 1231 924 castris
1268 862 1583 949 oppidum
1617 863 1871 927 clausit.
1959 869 2066 940 At,

93 964 243 1026 quum
288 943 547 1005 obseffi
598 945 1045 1028 negligentius
1099 945 1202 1028 agi
1252 942 1561 1006 excubias
1614 944 1782 1029 apud
1827 944 2072 1010 hostem

84 1038 423 1096 cernerent‚‘
469 1027 709 1111 pueris
741 1038 937 1110 atque
964 1025 1351 1087 mulieribus
1383 1027 1451 1088 in
1483 1048 1670 1088 muro
1706 1027 2068 1105 collocatis,

81 1120 133 1166 nt
168 1108 423 1192 species
521 1122 1041 1191 ropugnatorum
1085 1124 1500 1182 servaretur,
1547 1110 1957 1196 eruptionem
1999 1113 2070 1174 iu

1 1251 4 1268 Γ
82 1192 342 1272 proxima
383 1210 462 1252 ca
523 1212 600 1251 ra
638 1189 935 1267 faciuutg
981 1189 1218 1274 hisque
1256 1191 1630 1275 perruptis,
1692 1196 1873 1267 (nam
1909 1214 2068 1277 pro.

80 1284 207 1354 pter·
242 1270 494 1339 aestum
547 1271 742 1334 multi
784 1271 1031 1334 milites
1074 1293 1154 1334 ex
1188 1270 1568 1335 stationibus
1604 1273 2067 1357 discess'erant)

82 1354 276 1416 eodem
319 1355 589 1439 impetu
623 1368 848 1415 cetera
885 1354 1098 1415 omnia
1128 1368 1520 1441 expugnant,
1567 1354 2063 1442 Octaviumque.

1 1441 2 1444 ’
86 1436 287 1517 majore
329 1437 687 1521 copiarum
732 1436 946 1498 amiss'a
987 1451 1212 1520 parte,
1259 1451 1406 1498 cum
1443 1435 1717 1521 reliquis
1759 1438 1830 1499 in
1867 1459 2069 1502 naves

1 1539 2 1550 ¹
85 1519 479 1602 compellunt.
571 1517 934 1590 Octavius,
997 1531 1234 1580 tantam
1274 1518 1814 1603 cladem'pass'us,
1918 1543 2069 1583 uum

1 1601 4 1664 ζ
86 1599 141 1660 de
181 1602 442 1663 Salonis
501 1599 956 1684 expugnandis
1001 1599 1437 1684 desperass'et',
1500 1599 1757 1686 jamque
1807 1602 1874 1663 in
1928 1617 2069 1667 aret

86 1679 288 1758 hiems,
334 1681 834 1766 Dyrrhachium
868 1678 949 1745 ad
979 1678 1364 1767 Pomp'ejum
1401 1702 1713 1746 reversus
1751 1682 1859 1747 est.

175 1833 428 1899 LXVII.
499 1832 679 1894 Dum
720 1831 883 1893 haec
925 1831 992 1893 in
1029 1833 1288 1914 Illyrico
1332 1845 1404 1894 et
1436 1831 1664 1894 Africa
1705 1847 2059 1916 geruntur,
2120 1835 2440 1890 caesana.

84 1915 318 1989 caesar,
374 1916 696 1998 deposita
744 1914 813 1973 in
867 1916 1155 1997 speciem
1196 1915 1421 1978 civilis
1465 1916 1660 1976 animi
1705 1917 2059 1991 dictatura,
2089 1905 2438 1989 ‘'“fumhm-

85 1996 178 2057 sub
211 1999 331 2058 alio
371 1997 656 2059 nomine
693 1995 920 2058 eadem
956 1996 1580 2069 omniahabiturus,
1638 1997 2062 2063 Brundisium
2087 1976 2441 2096 Ρῗμὸψηιρ·

88 2090 326 2161 pergere
354 2078 617 2152 statuit,
662 2099 793 2162 quo
825 2079 1017 2140 etiam
1049 2080 1347 2163 legiones
1379 2079 1828 2164 praemiserat,
1865 2083 2064 2143 Pom·
2086 2061 2197 2096 ‘²⁸⁶
2246 2060 2337 2100 ’ἢ

98 2160 269 2241 peium
312 2162 721 2246 petitur-us:-
770 2181 964 2258 quem
1017 2162 1088 2222 in
1139 2181 1327 2223 usum
1379 2176 1513 2223 tum
1566 2161 1711 2223 aliis
1765 2181 1803 2222 e
1851 2162 2060 2237 fanis,

90 2254 210 2382 {mn
234 2264 301 2304 ex
327 2248 487 2330 ipso
528 2243 898 2325 Capitolio,
943 2243 1210 2306 donaria
1243 2245 1564 2330 pleraque
1598 2243 1813 2305 omnia
1848 2259 2063 2309 sustu-

114 2338 245 2387 erat.
302 2357 309 2364 ·
758 2333 769 2341 ‘
1046 2336 1051 2345 '

179 2459 461 2522 vam.
528 2457 1242 2540 Nequemediocriter
1285 2477 1471 2541 spem
1516 2455 1655 2538 ejus
1701 2440 2070 2520 erexerunt‘
2115 2450 2286 2535 ‚3⁰⁸ss
2309 2451 2436 2507 ⁰²¹¹?-

78 2535 301 2618 objecta
336 2553 478 2601 tum
521 2552 588 2600 et
627 2541 847 2622 paullo
884 2538 1022 2623 post
1061 2543 1294 2603 omina.
1383 2539 1688 2624 Quippe,
1749 2539 1899 2601 dum
1943 2540 2053 2602 ad·
2078 2524 2266 2579 ''²⁶⁸⁶‘’

74 2637 235 2683 ornat
285 2623 455 2695 iter,
527 2621 598 2681 in
649 2622 1020 2683 comitatum
1082 2624 1221 2704 ejus
1278 2623 1565 2683 lauream
1628 2623 2056 2704 supervolans

75 2704 281 2766 milvus
316 2704 584 2783 injecit:
645 2718 712 2764 et
747 2701 997 2787 postea,
1047 2726 1227 2767 sacra
1269 2723 1351 2779 eo
1387 2704 1672 2766 faciente
1700 2706 2055 2780 Fortunae,

76 2796 265 2847 taurus
301 2786 522 2848 adhuc
555 2784 836 2846 intactus
869 2783 1136 2871 effugit,
1182 2786 1617 2872 paludemque
1653 2799 1879 2848 nactus
1917 2808 2060 2848 eam

78 2870 352 2931 tranavit.
435 2867 957 2950 Responderunt
994 2871 1368 2952 aruspices»,
1420 2868 1670 2949 Caesaris
1692 2871 1828 2951 fizta
1853 2868 1924 2943 lic
1957 2871 2063 2927 ad-

76 2947 315 3029 ubraffb
372 2951 528 3010 Deos
541 2974 560 3021 ,·
622 2956 963 3028 manentique
1011 2955 1241 3011 exitium
1257 2995 1275 3026 ‚
1343 2970 1493 3008 mare
1537 2953 1848 3011 transeunti
1890 2954 2063 3011 vitam

70 3033 440 3112 victorimque
481 3031 768 3111 portendi.
852 3030 1163 3115 Quamvis
1213 3033 1420 3116 igitur
1468 3030 1680 3093 hiems
1736 3032 1931 3102 ess'et,
1993 3045 2063 3095 et

71 3110 141 3171 ob
168 3111 584 3197 tempestates
628 3109 927 3174 difficilis
962 3114 1272 3196 trajectus
1318 3126 1736 3197 speraretur3
1793 3113 2060 3176 ordina-

71 3193 143 3254 tis
181 3217 217 3256 a
256 3209 452 3279 tergo
500 3195 837 3268 omnibuS,
900 3195 1342 3257 Brundisium⁷
1371 3194 1652 3256 intendit
1689 3196 1841 3273 iter.
1923 3198 2066 3275 Exq

74 3292 307 3338 euntem
346 3291 754 3362 prosequuta
793 3278 1025 3360 ingens
1062 3277 1399 3343 hominum
1441 3276 1786 3339 multitudo
1826 3296 2055 3361 pacem

76 3359 305 3433 mahat,
373 3374 441 3422 et
496 3379 642 3420 cum
686 3359 1005 3442 Pompeio
1058 3359 1344 3421 reditum
1395 3358 1468 3420 in
1500 3358 1831 3441 gratiam:
1896 3358 2055 3419 satis

73 3439 221 3501 enim
258 3441 653 3525 apparebat,
700 3441 756 3502 si
797 3442 864 3508 vi
906 3442 1118 3503 victus
1158 3442 1476 3503 alteruter
1513 3440 1705 3515 effet,
1753 3440 2054 3502 eumdem

65 3516 371 3597 libertati,
418 3540 615 3607 quem
648 3521 854 3595 bello,
901 3522 1097 3585 finem
1126 3524 1298 3585 fore.
1382 3523 1699 3585 Profecto
1731 3522 1855 3604 jam
1889 3526 2052 3585 Cae-

64 3621 225 3678 sare,
289 3606 484 3689 pueri
529 3604 782 3671 ludicra
824 3626 1038 3689 pugna
1078 3617 1557 3668 concurrerunt
1591 3606 1875 3676 Romae,
1935 3625 2045 3665 su-

62 3686 481 3830 ffispresque
527 3683 938 3763 exstiterunt,
1003 3688 1118 3774 qui
1155 3689 1564 3751 Julianorum
1617 3687 1747 3750 sibi
1799 3706 2039 3750 nomen

224 3781 435 3831 erant.

120 4021 193 4077 ca
243 4061 261 4078 .
292 4021 496 4077 van
538 4022 782 4092 strabo,
816 4023 859 4078 1.
888 4040 943 4093 7.
983 4040 1046 4095 p.
1072 4023 1199 4081 315.
1249 4024 1418 4082 caes.
1492 3982 2029 4097 cap.va11.jo.

78 4041 276 4146 suasi).
320 4092 610 4162 Polycrat.
648 4094 719 4163 3,
762 4111 843 4148 ιο.
897 4093 1054 4147 Plut.
1111 4096 1281 4149 Caes.
1336 4093 1594 4165 Appian.
1656 4092 1794 4147 Dio.
1858 4092 2029 4172 Caes.

74 4154 481 4283 1,GagJaXVIIL
530 4161 669 4275 Pio.
703 4161 868 4219 Flor.
892 4162 1056 4223 flat.
1093 4161 1357 4237 Appiau.
1394 4163 1530 4219 Dio.
1564 4159 1732 4217 Flor.
1770 4160 2031 4231 Appian-

1447 4305 1594 4377 Ea

1797 4486 1824 4537 δ
