2675 4642
427 777 999 856 :IOHANNIS
1096 781 1869 855 FREINSHEMII

292 940 1014 1005 SUPPLEMENTORUM
1056 947 1544 1005 mvnmonum
1583 946 1806 1003 Lmen
1839 938 1993 1006 mv.

287 1056 296 1065 ’
405 1087 493 1150 m
531 1085 836 1148 Locum
873 1086 1107 1146 mem
1133 1084 1475 1148 cxxxix.
1522 1089 1599 1147 Τ.
1640 1088 1875 1153 mvn.

276 1295 327 1356 1.
393 1291 686 1374 Quantae
720 1294 911 1356 molis
947 1316 1069 1381 per
1108 1294 1524 1380 hoc‘tempus
1555 1291 1934 1357 Germanica
1968 1290 2108 1355 bel·
2169 1290 2244 1348 U.
2272 1305 2329 1346 c.
2355 1291 2493 1360 74²·.

147 1376 213 1439 la
246 1375 529 1449 fuerint,
574 1378 677 1438 vel
705 1375 855 1437 hinc
889 1377 1166 1462 intelligi
1256 1377 1449 1450 otest,
1497 1376 1667 1461 quod
1706 1396 1827 1458 per
1856 1394 1934 1435 ea
1967 1376 2106 1458 ple·
2167 1360 2239 1417 A·
2269 1359 2340 1415 θ’
2365 1378 2445 1417 ¹⁰·

144 1479 423 1541 rumque
448 1459 682 1521 Caesar
707 1456 1020 1542 Augustus
1048 1462 1187 1542 Lug
1237 1460 1346 1521 uni
1375 1459 1760 1528 morabatur,
1803 1477 1882 1516 ne
1905 1458 2106 1518 Drusi
2128 1427 2481 1567 ηῗὲιοοὼίξέζ

146 1539 451 1622 quidem,
514 1540 724 1622 magni
761 1539 1061 1623 profecto
1103 1542 1514 1626 imperatoris
1539 1582 1555 1610 ,
1620 1541 1916 1600 fortunae
1953 1557 2099 1598 con·
2131 1534 2422 1624 hio’cgffi

147 1621 449 1703 siliisque
494 1622 647 1684 satis
687 1617 991 1684 confisus.
1076 1623 1192 1684 llle
1222 1639 1394 1695 tum,
1439 1634 1762 1704 resumpta
1798 1620 2106 1683 adversus
2167 1638 2447 1691 (zu-mne.
2523 1636 2537 1673 ι

145 1701 675 1766 Transrhenanas
709 1718 936 1786 gentes
972 1703 1424 1788 expeditione,
1495 1702 1694 1784 majus
1729 1721 1939 1785 prope
1968 1701 2107 1762 bel-
2128 1723 2311 1758 corum
2336 1705 2448 1758 tut.

142 1783 317 1852 lum,
363 1805 549 1867 quam
593 1806 802 1865 nuper
832 1785 1224 1858 confecerat,
1268 1784 1539 1850 invenit.
1623 1789 1777 1845 Nam
1817 1797 1882 1843 et
1917 1783 2103 1863 Gaui,
2131 1776 2306 1828 ’ΨΜ
2338 1786 2447 1829 ¹⁸⁶·

145 1879 395 1948 spreto,
442 1886 631 1949 quem
661 1868 984 1927 Romanus
1013 1867 1149 1928 adsi
1202 1880 1480 1939 neverat,
1527 1886 1707 1951 agro,
1756 1865 2107 1926 sicambris
2130 1842 2234 1896 η’·

140 1947 520 2032 ceterisque
571 1946 799 2033 populi
845 1949 1118 2012 Romani
1154 1887 1450 2012 {ostibus
1505 1970 1574 2011 se
1623 1946 2104 2025 conjunxerant.

139 2029 233 2089 At
287 2031 540 2090 Drusus
564 2069 582 2101 ,
655 2030 1027 2091 universum
1087 2031 1327 2094 bellum
1390 2031 1630 2094 acriter
1687 2030 2057 2111 complexus
2082 2070 2100 2102 ,

142 2109 455 2205 quosdam
495 2110 776 2193 populos
810 2110 874 2172 vi
912 2112 1127 2195 coegit
1163 2112 1242 2172 ad
1277 2112 1694 2195 obsequium,
1739 2110 1901 2170 alios
1939 2109 2103 2170 mul-

137 2203 229 2252 tis
264 2193 459 2255 illatis
513 2191 920 2254 detrimentis
971 2193 1315 2275 repress‘it3
1394 2193 1721 2255 Gallorum
1774 2192 1963 2253 etiam
2003 2193 2104 2250 in..

140 2273 444 2356 gentibus
473 2274 727 2335 auxiliis
765 2295 940 2349 usus,
987 2295 1256 2357 quorum
1291 2276 1631 2337 Senectius
1670 2287 1734 2335 et
1764 2274 2100 2347 Auectius,

133 2355 386 2415 tribuni
415 2356 824 2429 Nerviorum,
872 2369 1018 2420 ante
1044 2355 1251 2444 prima
1291 2357 1472 2442 signa
1508 2355 1923 2421 memorabile
1957 2374 2102 2418 cer-

137 2450 351 2501 tamen
393 2437 760 2500 ediderunt.

261 2545 339 2605 11.
386 2543 486 2604 Ad
511 2558 869 2606 ceterarum
899 2543 1186 2628 gentium
1220 2545 1646 2609 coercendam
1672 2540 2103 2607 rebellionem

138 2623 477 2685 Tiberium
521 2647 872 2689 occurrere
917 2629 1152 2690 Caesar
1198 2624 1369 2706 juffit
1396 2671 1413 2700 ,
1484 2649 1674 2713 quem
1733 2640 1799 2689 et
1854 2627 2100 2708 ipsum,

134 2706 500 2789 Aquileiam
536 2709 907 2791 progress'us
932 2750 948 2779 ‚
1018 2728 1231 2771 secum
1274 2708 1663 2786 adduxerat3
1723 2727 1806 2770 ne
1843 2707 2102 2789 longius

135 2788 376 2855 abess'et
409 2790 813 2852 Germanicis
856 2809 929 2850 ac
967 2791 1356 2852 Pannonicis
1393 2792 1606 2853 bellis.
1689 2792 1821 2851 Per
1857 2787 2100 2859 Istrum,

134 2870 344 2952 glacie
379 2884 772 2943 concretum,
818 2870 896 2935 ad
933 2871 1296 2955 populanda
1327 2875 1617 2954 proxima
1652 2872 1834 2955 ripae
1872 2890 2101 2931 excur-

25 2978 34 2993 ·
133 2971 325 3024 rere,
391 2953 586 3015 Dacis
641 2953 708 3013 in
753 2952 1286 3016 consuetudinem
1338 2967 1628 3038 venerat.
1730 2953 2096 3023 Dalmatae,

180 3047 407 3116 ropter
474 3049 692 3097 exacta
761 3035 1000 3097 tributa
1054 3034 1241 3106 irati,
1314 3035 1700 3120 obsequium
1766 3045 2095 3096 exuerant.

129 3053 485 3189 gannonst,
546 3138 753 3201 nuper
794 3118 870 3178 ab
906 3115 1178 3179 Tiberio
1214 3114 1482 3189 domiti,
1541 3130 1804 3212 praeter
1840 3114 2096 3178 insitam
2115 3091 2453 3215 “Dafc'xo'r

130 3196 314 3277 genti
358 3197 671 3261 ferociam
691 3242 709 3272 ‚
768 3197 1044 3261 discess'u
1074 3196 1214 3277 ejus
1247 3211 1314 3259 et
1340 3196 1605 3278 majoris
1637 3198 1842 3282 partis
1875 3196 2092 3279 copia·
2127 3229 2367 3284 mnf„

126 3299 273 3341 rum
292 3321 308 3352 ,
377 3300 451 3341 ac
480 3280 837 3342 vicinarum
865 3281 1192 3343 nationum
1225 3279 1709 3342 defectionibus
1747 3280 2092 3342 turbaban-
2118 3299 2347 3370 „bg-355,

124 3372 256 3423 tur.
335 3361 591 3424 Idcirco
630 3363 973 3437 Tiberius,
1020 3361 1317 3426 omnibus
1349 3362 1539 3424 dimul
1566 3363 1746 3424 illato
1770 3361 1982 3429 bello,
2028 3374 2097 3423 et

125 3441 208 3506 ad
246 3444 616 3507 exorientes
651 3444 762 3506 ubi
813 3465 893 3507 ue
930 3460 1140 3508 motus
1183 3465 1355 3509 arma
1393 3444 1858 3507 circumferens
1882 3488 1899 3515 ‚
1961 3443 2096 3505 Da·
2206 3520 2213 3523 Ι
2284 3480 2291 3485 -

126 3545 284 3598 cos,
348 3527 559 3589 caesis
599 3547 742 3590 cum
821 3548 943 3591 uce
982 3529 1193 3614 copiis
1217 3570 1234 3602 ‚
1279 3528 1556 3612 repulit3
1616 3527 1988 3589 Pannonios
2019 3545 2092 3588 ac

122 3608 449 3671 Dalmatas
487 3610 569 3671 ad
609 3610 901 3691 priorem
951 3612 1342 3674 tributorum
1387 3608 1939 3693 imperiorumque
1977 3628 2092 3690 pa-

121 3689 413 3753 tientiam
448 3691 803 3755 revocavit.
886 3691 1277 3759 Adnotatum
1310 3689 1419 3766 est,
1464 3690 1824 3764 Tiberium,
1870 3709 2087 3776 quum,

190 3881 335 3953 Cap.
367 3881 417 3936 1.
456 3880 590 3946 Dio,
623 3882 665 3938 l.
695 3883 784 3946 54.
824 3882 996 3938 Oros.
1025 3882 1088 3953 6,
1124 3901 1213 3940 n.
1251 3882 1390 3942 Son.
1423 3879 1671 3937 Gonsol.
1708 3878 1785 3935 ad
1808 3880 1996 3934 Marc.
2030 3896 2086 3936 c.

114 3949 172 4006 ὃ.
209 3949 337 4009 laiv·
366 3949 414 4007 Ε
462 3949 527 4006 it.
561 3949 699 4005 Dio.
737 3951 862 4007 Liv.
894 3951 1053 4024 Epit.
1121 3953 1203 4007 Ca
1255 3989 1270 4007 ,
1302 3953 1379 4009 11.
1411 3950 1550 4005 Dio.
1586 3949 1834 4007 Sueton-
1866 3948 1998 4005 Tib.
2024 3966 2080 4018 9.

118 4018 278 4077 vell.
298 3967 456 4086 12,an
489 4021 731 4094 Joseph.
766 4021 966 4094 Antiq.
1009 4021 1094 4089 16,
1124 4039 1181 4088 7.
1271 4020 1354 4077 io.
1375 4020 1550 4075 Flet.
1571 4016 1625 4090 ζ,
1654 4037 1737 4078 12.
1769 4017 1910 4077 Dio.
1941 4017 2085 4078 Sue·
2150 4043 2155 4048 ·

114 4094 245 4149 ton.
274 4087 534 4164 Anzan.
563 4100 625 4148 et
653 4089 789 4151 Tib·
818 4107 871 4146 e.
899 4109 953 4164 9.
988 4090 1165 4150 Oros.
1194 4092 1250 4165 6,
1279 4110 1370 4154 ai·
1408 4089 1550 4148 Dio.
