2675 4642
12 1210 15 1303 g

12 1312 15 1385 ἱ

135 478 250 550 pta
304 466 490 550 galea
545 466 753 551 patris
800 485 1041 527 nomen
1093 464 1313 537 ciens,
1376 486 1542 529 voce
1594 467 1784 529 simul
1838 487 2160 554 manuque

396 342 415 351 s
507 256 600 320 IN
629 251 937 320 LOCUM
976 255 1143 319 LIB.
1179 256 1471 325 cxxlv.
1505 255 1740 326 L1V11.
1812 286 1818 301 *
2039 255 2163 377 423«)

2141 436 2192 485 ,ρ
2217 476 2290 532 U.
2324 490 2375 528 c.
2402 491 2530 543 0710·

138 550 540 631 provocavit
571 548 794 609 fatum.
880 552 1111 631 Neque
1151 548 1474 611 dissimilis
1510 549 1638 610 fuit
1668 550 1879 611 exitus
1902 552 1975 609 L.
2001 552 2157 614 Cas·
2219 545 2292 602 A·
2323 545 2394 602 C·
2414 548 2505 615 4²·

143 631 250 703 sii,
293 633 411 715 qui
444 631 649 692 fratre
678 630 1097 727 imperatoris
1127 645 1268 693 erat
1291 630 1589 714 genitus3
1636 631 1992 715 eademque
2016 633 2157 695 for-

141 724 299 772 tuna
324 713 737 856 praefectum
765 712 1019 774 tabrum
1042 713 1361 785 Flavium,
1395 712 1691 798 adprime
1717 728 1965 797 gratum
1986 718 2158 777 Bru-

140 805 245 866 to,
297 817 332 854 a
386 795 589 858 stulit.
654 799 913 857 Marcus
949 797 1142 856 etiam
1173 798 1506 869 Lucullus,
1549 797 2031 858 eminentiss'imi
2062 798 2158 859 ci-

140 876 246 937 vis
292 875 513 951 filius,
584 877 858 939 Antonii
909 877 1069 959 juffu
1126 879 1602 962 interemptus,
1672 883 1750 940 T.
1801 879 2156 945 Volumnio

144 959 463 1055 supplicii
501 961 772 1022 cauffam
801 960 1122 1043 praebuit.
1209 965 1367 1022 Nam
1401 964 1483 1035 is,
1531 963 1599 1022 in
1635 983 1864 1045 magna
1896 961 2156 1045 fugien-

145 1040 209 1100 di
250 1043 527 1104 hcentia
568 1043 947 1127 complexus
991 1043 1183 1107 amici
1226 1043 1542 1119 cadaver,
1606 1046 1802 1105 nimia
1845 1057 1910 1106 et
1950 1046 2155 1127 perti-*-

144 1125 292 1185 naci
335 1124 799 1187 lamentatione
838 1125 1084 1187 milites
1128 1127 1403 1199 excivit,
1462 1141 1534 1189 ut
1566 1124 1643 1188 ab
1682 1126 1785 1188 his
1830 1125 1918 1187 ad
1948 1130 2159 1189 Anto-

145 1206 329 1266 nium
380 1207 905 1295 protraheretur.
986 1207 1101 1269 ubi
1157 1229 1228 1270 se
1275 1209 1604 1291 prosess'us
1649 1224 1981 1270 auctorem
2023 1211 2160 1287 Ῑηι-φ

149 1289 327 1350 cullo
372 1289 723 1351 sumendae
763 1290 1071 1363 militiae,
1136 1306 1204 1353 et
1238 1291 1415 1371 juxta
1453 1293 1727 1353 amicum
1763 1291 2158 1353 occumbere

150 1386 423 1453 optans,
486 1392 566 1433 eo
612 1373 953 1447 deductim,
1026 1371 1318 1436 dextram
1360 1373 1621 1437 Luculli
1661 1375 1987 1436 osculatus
2031 1372 2156 1451 est3

150 1466 248 1524 et,
297 1453 556 1536 capite,
603 1454 780 1539 quod
819 1455 1146 1518 abscisum
1183 1455 1455 1536 jacebat,
1504 1457 1580 1517 ad
1620 1470 1849 1538 pectus
1885 1456 2160 1540 adpres-

152 1554 263 1603 so,
330 1537 664 1598 cervicem
710 1538 1076 1621 percuss'ori
1120 1539 1444 1624 praebuit.
1532 1522 1702 1608 Alii,
1762 1538 1960 1599 rebus
2005 1560 2202 1622 per-p

154 1615 310 1678 ditis
334 1661 350 1689 ‚
422 1639 534 1678 sua
573 1633 682 1680 aut
715 1620 1134 1683 familiarium
1172 1643 1363 1683 manu
1401 1621 1874 1705 quaesiverunt·
1910 1641 2161 1682 necem.

158 1719 437 1781 quorum
491 1700 751 1775 Labeo,
817 1702 923 1764 vir
973 1705 1323 1786 egregius,
1383 1705 1636 1800 legatus
1689 1703 1918 1773 Bruti,
1977 1716 2168 1785 pater

164 1780 294 1856 cius
319 1782 677 1855 Labeonis,
769 1785 835 1845 ui
869 1805 1020 1846 mox
1053 1786 1299 1868 insigni
1332 1786 1570 1869 peritia
1599 1784 1762 1864 juris
1795 1805 1992 1867 supra
2023 1804 2162 1846 mo-

164 1861 305 1922 dum
338 1865 693 1937 inclaruit,
772 1867 901 1927 ossa
939 1867 1007 1927 in
1048 1868 1341 1931 tentorio
1380 1867 1457 1929 ad
1494 1866 1756 1927 modum
1789 1867 1890 1927 sui
1924 1884 2165 1949 corpo·
2249 1914 2255 1922 ⁴
2315 1938 2330 1950 ἱ

156 1944 248 2005 ris
298 1944 576 2018 effecta,
633 1946 935 2031 datisque
980 1949 1059 2010 a'd
1107 1970 1376 2010 uxorem
1427 1964 1491 2011 et
1533 1948 1784 2011 liberos
1819 1947 2162 2020 mandatis,
2269 1942 2279 1963 ⁸
2434 1969 2446 1980 ·

155 2024 527 2090 fidiffimum
573 2049 919 2093 servorum
956 2031 1345 2115 circumegit
1381 2030 1707 2095 libertatis
1745 2030 1947 2091 causs'a
1970 2073 1985 2099 ‚
2033 2029 2171 2112 gla-

158 2108 407 2194 dioque
443 2110 594 2173 dato
628 2110 920 2195 jugulum
954 2113 1297 2197 praebuit..
1357 2113 1610 2177 Eodem
1642 2111 1837 2174 modo
1867 2125 1933 2175 et
1958 2111 2169 2191 Quin·

160 2193 385 2254 ctilius
415 2193 628 2260 Varus
669 2194 912 2278 periit,
979 2196 1238 2258 occisus
1286 2218 1320 2258 a
1363 2196 1644 2266 liberto,
1709 2216 1902 2277 quum
1951 2214 2022 2255 se
2066 2192 2171 2253 in-

160 2274 463 2358 signibus
505 2275 830 2341 honorum
868 2278 1154 2341 velass'et.
1200 2300 1345 2340 nam
1370 2281 1628 2341 Drusus
1669 2298 1782 2337 sua
1817 2276 1945 2339 sibi
1979 2294 2170 2335 manu
2247 2302 2272 2319 .

162 2359 491 2421 conscivit
525 2379 785 2430 necem,
850 2357 1104 2422 Liviam
1137 2361 1521 2445 relinquens
1558 2359 1791 2430 filiam,
1855 2370 1921 2420 et
1961 2377 2169 2440 nepo-

158 2453 295 2502 tem
333 2462 415 2502 ex
451 2462 526 2502 ea
551 2441 893 2504 Tiberium
918 2486 936 2517 ‚
999 2444 1374 2526 privignum
1419 2443 1708 2506 futurum
1750 2441 2050 2503 Caesaris
2104 2451 2173 2501 et

166 2524 622 2586 success'orem.
684 2523 775 2597 ita
818 2545 928 2588 res
970 2523 1281 2588 humanas
1330 2525 1534 2588 fatum
1577 2525 1710 2609 agit
1750 2537 2075 2609 rotatque.

287 2658 463 2720 XXI.
525 2658 613 2720 At
649 2657 976 2732 victores,
1029 2658 1498 2742 imperatorum
1540 2660 1788 2722 monitu
1834 2671 1957 2719 nec
1993 2655 2170 2718 occi·
2211 2667 2502 2722 Antonius

168 2742 328 2804 dere
371 2740 558 2802 fusos
582 2784 597 2811 ‚
641 2760 766 2801 nec
800 2761 1039 2825 capere
1076 2756 1401 2816 curanteS‚
1448 2742 1577 2806 hoc
1598 2756 1845 2804 tantum
1870 2752 2168 2822 egerunt,
2197 2738 2353 2821 ἄξω·
2392 2738 2488 2791 Ιιο·

167 2840 236 2886 ut
278 2823 544 2885 diversa
582 2823 649 2883 in
683 2823 825 2884 loca
867 2844 939 2885 se
978 2825 1382 2908 recipientes
1425 2825 1845 2895 clauderent,
1910 2842 1994 2883 ne
2045 2821 2170 2907 ite·
2188 2810 2349 2889 ΛΜΨ,
2376 2822 2503 2876 PW·

167 2927 311 2968 rum
353 2905 933 2990 conjungerentur.
979 2904 1213 2968 Castris
1245 2907 1647 2990 prohibendi
1676 2906 2029 2989 praecipua
2059 2916 2171 2964 cu·
2198 2885 2467 2948 “qma'‘

168 3011 239 3051 ra
278 2989 444 3062 fuit,
495 3002 1001 3072 occupatamque
1044 2988 1189 3049 'cum
1229 2989 1533 3072 periculo
1571 3001 1828 3071 portam
1875 2987 2173 3048 occluse-

168 3087 324 3133 runt
381 3070 845 3133 incidentibus.
932 3070 1190 3134 Idcirco
1243 3071 1399 3154 fuga
1442 3071 1596 3132 inde
1642 3068 1721 3129 ad
1763 3089 1940 3129 mare
1983 3088 2177 3130 versa

144 3167 584 3237 ‘montesque.
670 3151 769 3213 Ibi
807 3155 1044 3215 Caesar
1080 3154 1161 3214 ad
1198 3150 1392 3215 castra
1429 3152 1703 3214 hostium
1737 3149 2058 3226 constitit,
2106 3163 2179 3227 ut

168 3240 527 3319 erupturos
565 3234 937 3317 excip'eret3
987 3236 1278 3298 Antonio
1322 3236 1404 3296 ad
1441 3235 1695 3318 reliqua
1737 3233 1896 3293 belli
1945 3229 2177 3314 prossi-

171 3319 381 3399 ganda
434 3330 854 3400 properante.
947 3318 1082 3380 Sed
1120 3319 1272 3379 huic
1320 3317 1641 3401 potiffima
1680 3335 1833 3376 cura
1870 3313 2033 3386 fuit,
2094 3331 2179 3373 ne

156 3399 377 3464 'duces
418 3399 871 3481 elaberentur,
919 3400 1134 3462 denuo
1174 3400 1549 3484 pugnaturi.
1619 3398 1829 3481 Igitur
1860 3396 1965 3457 his
2005 3395 2181 3483 exci-
2239 3460 2246 3471 ,

169 3482 439 3567 piendis
502 3502 1021 3565 quaquaversum
1087 3482 1337 3546 dimisit
1408 3483 1705 3566 equites:
1776 3479 1955 3540 inter
2016 3498 2183 3560 quos

168 3565 418 3628 Rhasci
457 3565 810 3648 praecipua
846 3563 974 3627 fuit
1008 3586 1212 3663 opera
1233 3586 1252 3643 3
1314 3567 1428 3649 qui
1473 3585 1618 3626 curn
1649 3560 2013 3623 Thracibus
2045 3558 2183 3620 suis

173 3650 526 3732 regionum
585 3647 806 3731 gnaris
863 3661 1179 3709 montium
1246 3648 1430 3710 sinus
1488 3647 1903 3725 latebrasque
1957 3661 2185 3703 omnes

173 3729 751 3814 perscrutabatur,
815 3729 936 3792 hac
993 3744 1057 3792 et
1105 3742 1324 3792 cetera
1372 3728 1714 3812 diligentia
1757 3725 2021 3811 fideque
2070 3744 2185 3786 sua

172 3812 686 3896 Rhascupolidis
726 3812 954 3877 fratris
995 3813 1264 3880 salutem
1300 3812 1730 3896 promeritus·

124 4077 135 4083 ,
238 4033 395 4107 Cap.
429 4034 555 4091 XX.
593 4030 747 4087 Vell.
781 4048 834 4097 2,
865 4047 953 4096 7¹·
1009 4027 1264 4104 Appian.
1304 4026 1459 4083 Plut.
1498 4028 1654 4084 vell.
1705 4027 1840 4082 Val.
1874 4025 2181 4094 Max.4‚7.
2213 4042 2220 4045 ·

174 4104 314 4158 Dio.
364 4103 524 4158 Plut.
579 4100 836 4173 Appian.
877 4098 1034 4153 Vcll.
1082 4101 1218 4169 Dio,
1257 4098 1298 4153 l.
1327 4098 1417 4169 48.
1459 4098 1708 4157 Sueton.
1745 4095 1881 4155 Tib.
1902 4097 1956 4154 5.
2034 4095 2184 4168 Cap.

176 4174 329 4231 xxl.
367 4173 510 4242 Dio,
544 4171 587 4227 l.
618 4180 704 4242 47.
745 4180 805 4225 et
841 4167 1100 4244 Appian.
1294 4192 1305 4201 ‘
