2675 4642
452 277 542 340 m
581 220 1708 363 Locufflhn.cxx1v.1,1v11.
1985 274 2117 350 1243
2290 228 2308 236 ⁹
2492 308 2532 365 s

134 489 319 563 liberi,
364 489 619 572 conjuges
636 530 655 562 ,
712 506 768 547 et
785 530 804 560 ,
850 487 1252 571 qualiscumque
1286 491 1506 551 tandem
1541 493 1688 563 erit,
1728 494 1917 569 patria
1935 538 1953 567 ‚
1994 494 2111 550 ma·
2170 482 2243 539 U·
2275 500 2327 538 θ·
2362 499 2487 553 7¹⁰·

128 592 275 634 nent:
317 591 375 632 et
392 568 518 650 fine
553 590 700 631 metu
720 613 738 643 ,
764 567 886 652 fine
918 573 1244 655 verecundia
1264 615 1283 647 ‚
1314 571 1478 655 sequi
1508 571 1727 655 potestis
1744 570 1880 653 fhta
1919 577 2110 653 reipu-
2171 555 2246 609 A·
2280 553 2347 610 C·
2377 557 2470 623 4²·

30 690 33 773 ν
68 656 73 665 “
128 655 280 716 blicae
296 698 312 728 ‚
355 673 497 734 quae
532 650 903 714 tolerabiliore
940 658 1122 715 tam‘en
1150 657 1458 715 conditione
1493 658 1721 716 i'nterim
1748 674 1893 736 aget,
1923 652 1984 734 [ι’
2008 676 2108 716 vo-

131 738 199 798 bis
228 742 340 797 erit
373 735 581 816 aliquis
613 735 763 815 apud
792 737 1030 797 victores
1063 741 1331 797 amicitiae
1360 738 1610 820 gradus:
1663 755 1720 796 et
1737 778 1753 809 ,
1799 733 1862 818 fi
1892 738 2112 798 mitiora

30 778 35 875 l
120 819 260 904 forte
293 820 669 878 decreverunt
700 818 811 878 Dii
828 858 847 890 ,
890 817 1106 879 habebit
1126 862 1143 889 ,
1187 837 1289 901 per
1325 841 1462 903 quos
1494 818 1769 903 refiergat.

224 950 464 1011 XXIX.
522 942 662 1011 His
693 949 929 1024 dictis,
979 972 1123 1014 cum
1161 950 1416 1013 duobus
1457 963 1565 1013 aut
1600 950 1813 1013 tribus
1847 950 2109 1034 longius
2171 966 2469 1023 Brutia-1⁸.

128 1035 195 1095 ali
238 1037 438 1095 u'anto
483 1034 905 1116 progressus,
961 1036 1332 1097 Stratonem
1361 1035 1459 1095 Ae
1508 1047 1756 1106 eatem,
1802 1053 1994 1117 quem
2032 1054 2113 1095 ex
2137 1051 2253 1095 tus.

30 1106 35 1277 '
125 1055 320 1180 fungiis
381 1116 804 1199 eloquentiae
856 1116 1248 1183 familiarem
1302 1114 1472 1178 Habe
1520 1129 1618 1189 at,
1685 1115 1980 1198 rogavit,
2045 1136 2114 1177 ut

117 1197 203 1280 fibi
226 1198 483 1281 gladium
516 1197 799 1277 adigeret:
847 1212 1039 1284 atque
1063 1242 1079 1272 ‚
1122 1200 1243 1261 illo
1275 1212 1619 1260 cunctante
1639 1242 1655 1271 ‚
1702 1197 1876 1259 idem
1908 1219 1942 1259 a
1972 1218 2112 1260 ser-

30 1282 33 1295 f
128 1302 192 1343 vo
219 1279 439 1366 petiit.
527 1283 696 1340 Tum
735 1282 993 1356 Strato,
1047 1284 1109 1343 Si
1145 1283 1364 1363 quidem
1408 1281 1686 1341 decretum
1722 1280 1828 1358 est,
1874 1272 2110 1364 i'nquit,
2213 1298 2222 1305 ·

30 1298 33 1437 b
129 1384 214 1424 non
242 1367 580 1423 committam
599 1405 617 1433 ,
659 1384 724 1422 ut
759 1362 912 1443 servi
947 1368 1167 1444 potius,
1211 1384 1373 1444 quam
1406 1367 1564 1423 amici
1584 1405 1601 1436 ,
1647 1361 1945 1438 mintsterio
1985 1380 2114 1421 uta..

127 1450 208 1535 ris,
268 1459 336 1507 et
379 1465 535 1507 cum
578 1444 757 1507 dicto
800 1447 965 1509 latus
1006 1445 1427 1531 praebentis,
1489 1459 1681 1528 atque
1730 1446 1906 1506 ultro
1955 1442 2116 1507 ictui

126 1529 545 1600 occurrentia,
587 1527 822 1595 hausit.
897 1529 1008 1592 sic
1045 1528 1609 1612 praestantiss'imae
1652 1526 1895 1588 indolis
1932 1527 2119 1606 juve-

128 1613 243 1684 nis,
285 1614 624 1695 uniusque
660 1625 907 1682 tantum
943 1611 1295 1685 facinoris,
1345 1611 1428 1672 de
1462 1632 1591 1695 quo
1625 1625 1840 1673 tamen
1882 1623 1947 1671 et
1979 1624 2117 1671 tum

133 1709 183 1756 et
213 1692 428 1777 postea
472 1689 753 1755 mirifice
795 1695 1144 1756 sententiis
1182 1694 1498 1757 variatum
1534 1690 1653 1765 est,
1702 1690 1966 1754 infamia
2002 1691 2117 1753 ad-

131 1797 415 1859 spersus,
490 1775 719 1837 aetatis
748 1798 1008 1857 ,annum
1062 1777 1412 1861 septimum
1472 1789 1665 1859 atque
1707 1774 2118 1859 tricesimum

129 1879 334 1941 agenS,
396 1858 680 1920 interiit.
766 1863 1031 1921 Mortuo
1064 1862 1316 1927 Bruto,
1374 1858 1694 1941 reliquiae
1742 1859 2113 1928 exercitur»,

128 1939 603 2023 quatuordeeim
643 1937 858 2002 ferme
894 1940 1134 2014 millia,
1184 1939 1687 2003 tte-dediderunt
1724 1939 2110 2012 victoribus,

127 2022 510 2108 adceptaque
543 2025 772 2095 venia,
819 2025 996 2085 inter
1034 2023 1158 2085 hos
1200 2023 1413 2087 divisa
1449 2034 1623 2084 sunt.
1706 2026 1861 2083 Mox
1901 2034 1967 2082 et
2008 2040 2113 2083 ca-

126 2103 307 2177 stella,
373 2124 547 2189 quae
575 2105 797 2187 pass’im
823 2109 1068 2167 Brutus
1100 2104 1530 2178 exstruxerat,
1591 2126 1625 2166 a
1661 2102 2114 2186 praesidiariis

122 2187 371 2261 tradita,
425 2187 621 2247 simul
664 2207 810 2249 cum
847 2187 1202 2267 majoribus
1241 2185 1491 2259 eastris,
1539 2183 1917 2269 diripienda,
1938 2185 2114 2246 mili-

129 2270 167 2330 ti
209 2291 321 2333 suo
374 2260 819 2352 imperatores
871 2269 1216 2332 dederunt.
1317 2274 1501 2331 Inter
1542 2268 1703 2329 haee
1749 2268 2109 2340 Antonius,
2157 2298 2170 2311 ·

128 2354 292 2415 Bruti
329 2354 484 2416 viso
524 2350 842 2416 cadavere
866 2394 882 2425 ,
924 2352 1098 2414 hune
1137 2351 1404 2447 quidem
1443 2350 1811 2433 increpavit
1846 2349 2108 2424 leniter,

127 2436 248 2513 quod
257 2435 524 2515 fratrem
538 2428 705 2513 suum
731 2436 929 2514 Cajum
958 2435 1128 2495 occidi
1137 2432 1405 2514 Juffiffit.
1455 2446 1786 2503 ceterum‚·
1818 2429 1901 2512 Q.
1933 2432 2113 2493 Hor-

127 2519 328 2598 tensio·
350 2514 582 2601 potius
613 2515 854 2578 factum
886 2517 1209 2601 imputans
1230 2560 1247 2591 ,
1293 2516 1475 2578 illum
1507 2536 1703 2599 supra
1729 2523 2112 2575 monumen-

126 2610 233 2658 tum
275 2598 512 2661 fratris
556 2597 842 2661 interfici
885 2599 1262 2685 praecepit:
1325 2603 1537 2660 Bruto
1586 2595 2111 2681 paludamentum

130 2699 285 2742 suum
327 2701 739 2766 purpureum
782 2679 1049 2762 injecit,
1114 2680 1289 2766 quod
1336 2681 1624 2764 ingentis
1676 2690 1816 2740 erat
1863 2679 2106 2760 pretii,

126 2776 182 2823 ut
213 2765 274 2824 in
317 2783 404 2825 eo
454 2763 873 2846 sepeliretur.
935 2762 1310 2847 auditoque,
1356 2784 1508 2823 mox
1547 2777 1920 2845 surreptum
1957 2762 2109 2834 esse,
2247 2806 2262 2839 ι

128 2846 361 2930 requiri
384 2845 658 2918 furem,
707 2844 1167 2930 supplicioque
1207 2842 1402 2907 adfici
1436 2844 1643 2924 juffit:
1705 2841 2108 2925 crematique

128 2928 413 3013 corporis
452 2927 767 3012 reliquias
803 2927 884 2990 ad
913 2928 1259 2992 Serviliam
1288 2928 1532 3009 (mater
1571 2925 1734 2987 haec
1769 2939 1908 2987 erat
1937 2928 2110 2986 Bru-

127 3010 197 3091 ti)
212 3009 513 3073 remisit.

226 3143 437 3206 XXX.
482 3140 614 3204 Sed
652 3162 785 3204 non
817 3142 1043 3204 eadem
1074 3143 1373 3205 Caesaris
1409 3140 1772 3204 moderatio
1807 3141 1957 3204 fuit.
2042 3145 2106 3204 Is
2170 3143 2429 3228 Caesaris

129 3224 400 3288 avulsum
432 3226 623 3286 Bruti
653 3246 724 3287 ea
820 3240 846 3287 t
877 3228 1146 3288 Romam
1179 3224 1391 3298 misit,
1437 3238 1508 3285 ut
1539 3222 1773 3289 statuae
1807 3224 2106 3289 avunculi
2132 3213 2452 3269 ‘'mmm'‘-

30 3358 33 3381 ,
129 3307 572 3388 subjiceretur.
647 3248 980 3371 seg-linter
1019 3306 1588 3373 transmittendum
1631 3328 1665 3367 a
1698 3306 2106 3390 Dyrrhachio

126 3403 388 3473 propter
445 3403 733 3452 exortam
789 3386 1226 3474 tempestatem
1280 3390 1351 3450 in
1404 3410 1583 3452 mare
1634 3388 1950 3468 abjectum
1999 3386 2108 3450 est.

126 3469 424 3549 Ejusdem
462 3471 901 3535 adolescentis
947 3473 1219 3535 saevitia
1251 3472 1479 3546 multi,
1521 3492 1648 3535 nec
1699 3471 1841 3533 sine
1883 3485 2112 3532 contu·
2183 3516 2198 3533 .

128 3553 300 3615 melia
343 3555 741 3626 verborum,
787 3555 1220 3617 interieruntt
1278 3574 1480 3640 quum
1521 3554 1812 3626 cuidam,
1860 3552 2114 3637 suppli-
2197 3609 2203 3616 .

132 3634 280 3697 citer
310 3636 567 3724 petenti
604 3637 1037 3720 sepulturam,
1065 3639 1194 3714 jam
1228 3636 1384 3717 illam
1419 3641 1480 3696 in
1514 3634 1798 3698 volucrum
1829 3655 1992 3713 atque
2011 3636 2110 3716 fi’·

130 3736 304 3776 rarum
328 3721 468 3800 fhre
497 3719 843 3799 potestatem,
888 3718 1362 3800 respondet-etz
1406 3731 1474 3781 et
1508 3732 1757 3802 patrem
1796 3737 1870 3780 ac
1906 3714 2114 3778 filium

134 3800 382 3877 sortiri,
427 3802 537 3867 vel
574 3800 888 3865 dimicare
921 3801 1218 3884 juberet,
1262 3799 1399 3863 utri
1432 3800 1565 3864 vita
1603 3799 2113 3887 concederetur:

133 3926 795 3958 ..--.-..-τ..,.....

191 3992 330 4066 Gap.
375 3995 578 4069 xxlx.
635 3992 789 4059 Plut.
841 3991 975 4050 Liv.
1019 3991 1182 4074 iflpit.
1233 3989 1493 4076 Appian.
1544 3987 1702 4045 Plus.
1749 3987 1915 4043 Flor.
1967 3987 2105 4041 Dio.

30 4098 33 4171 r
137 4060 567 4146 vell-‘Appiam
601 4063 940 4145 Vell.s,7a.
976 4063 1116 4116 Dio.
1150 4060 1409 4132 Appian.
1442 4059 1595 4140 qut.
1624 4057 1846 4111 Anton.
1886 4067 1943 4111 et
1960 4060 2109 4110 Bru-

30 4188 33 4207 ι
136 4137 209 4182 to.
241 4133 364 4186 Ltv.
398 4137 554 4206 Ep1t.
593 4133 750 4188 Plut.
790 4132 1012 4186 Anton.
1051 4141 1110 4184 et
1138 4133 1350 4185 Bruto.
1397 4129 1654 4200 Appian.
1741 4127 1890 4204 Cap.
1926 4127 2105 4184 XXX.

142 4196 362 4260 Sueton-
396 4206 548 4282 Aug.
589 4204 672 4265 ιδ.
708 4201 850 4285 Dio.
890 4201 1140 4261 Sueten.
1176 4199 1317 4274 Dio,
1350 4199 1393 4257 1.
1424 4201 1513 4260 δι.
1552 4195 1801 4255 Su'etou.
