2675 4642
582 209 704 276 ⁶0⁸
768 155 1164 281 rnemsn.
1198 184 2025 299 surrzemmoam
2050 205 2484 277 mzxcvn.

208 428 229 447 ··
268 411 411 470 00⁶³·
438 404 559 478 730·
586 406 968 479 abhorrebat
990 459 1007 491 ‚
1052 431 1257 480 tamen
1289 405 1455 481 vi'x‘a
1488 438 1556 480 se
1585 417 1788 500 paffus
1822 415 1908 478 est
1945 416 2160 479 multis
2246 418 2512 480 recibus

256 487 330 541 Aa
354 485 423 542 G.
439 486 528 542 30.

158 1440 179 1453 k
245 1367 517 1440 Pndt'gia.

466 3508 475 3515 ν
570 3476 886 3540 sueverat.
967 3478 1204 3538 Eadem
1237 3491 1449 3558 tempe

585 498 953 579 impetrari,
992 519 1060 559 ne
1108 503 1386 579 imperium
1425 498 1547 557 ame
1574 500 1792 579 fixtum
1820 520 1853 557 a
1893 497 2030 557 bello
2072 518 2187 560 men
2212 518 2296 558 em
2342 502 2515 579 depo&

585 597 761 638 neret.
874 583 1031 640 Nam
1097 579 1402 642 victoriae
1457 580 1748 661 quidem,
1815 576 2148 640 aestimatis
2211 580 2515 642 Caesaris

580 660 846 741 suisque
876 659 1156 731 viribus,
1200 663 1526 720 maximam
1559 679 1735 742 spem
1769 674 2188 743 conceperat,
2233 678 2511 723 numero

582 740 871 810 militum,
895 742 1195 822 equitum,
1218 742 1490 812 navium,
1520 741 1711 823 longe
1737 742 2064 822 superior3
2083 754 2167 801 'et
2184 740 2511 831 pecuniis,

570 819 813 902 quibus
852 820 1235 892 abundabat,
1295 834 1743 903 corrupturum
1789 838 1859 882 se
1904 832 2166 905 'sperans‘
2207 822 2516 885 Caesaris

576 898 919 984 praesidia.
977 922 1250 984 quarum
1277 921 1491 963 rerum
1538 904 1733 964 cauffa
1770 920 2020 985 magnas
2061 922 2335 964 summas
2383 903 2520 963 cir-

581 999 970 1076 cumquaque
994 1023 1012 1053 ,
1072 983 1185 1051 sed
1225 983 1492 1044 maxime
1538 981 1601 1043 in
1645 984 1884 1045 ltaliam
1925 996 2109 1065 atque
2141 983 2384 1047 urbem
2411 984 2517 1065 ip-

578 1081 748 1132 sam,
793 1063 1102 1124 mittebat.
1182 1062 1362 1125 Unde
1421 1064 1651 1126 Caesar
1691 1065 2070 1126 intentiores
2109 1065 2354 1147 ubique
2397 1084 2515 1125 cu-

579 1132 829 1205 stodias‘
840 1142 1194 1227 disposuit,
1238 1136 1676 1227 militibusque
1712 1146 1879 1218 suis,
1922 1164 2004 1209 ne
2031 1146 2302 1213 ,alienam
2343 1144 2518 1207 libe-

576 1224 887 1289 ralitatem
923 1226 1366 1310 respicerent,
1408 1246 1696 1288 nummos
1727 1225 1972 1291 divisit.

692 1347 859 1408 XIX.
903 1346 1132 1431 Quum,
1162 1348 1332 1410 inter
1355 1359 1559 1409 tantos
1582 1347 1895 1433 utrimque
1918 1347 2269 1432 adparatus,
2295 1348 2518 1411 immi-

575 1429 859 1489 nentium
876 1429 1182 1489 malorum
1205 1429 1416 1512 gravis
1434 1429 1820 1510 exspectatio
1848 1431 2042 1492 variis
2062 1430 2390 1491 hominum
2411 1431 2519 1491 in-

574 1507 766 1570 diciis
815 1523 1005 1592 atque
1052 1510 1449 1587 sermonibus
1495 1508 1902 1586 differretur,
1952 1512 2138 1574 etiam
2169 1511 2518 1607 prodigio-

572 1610 715 1651 rum
747 1604 999 1651 atroces
1033 1590 1238 1653 minae
1274 1603 1509 1652 metum
1544 1605 1871 1653 auxerunt.
1951 1596 2023 1653 In
2056 1591 2214 1653 urbe
2253 1594 2511 1663 simius,

574 1669 789 1732 fanum
828 1671 1085 1733 Cereris
1143 1672 1490 1754 ingress'us,
1546 1673 1714 1749 inter
1766 1672 2240 1739 sacrificandum
2292 1673 2512 1733 omnia

574 1748 973 1814 confuderat.
1056 1752 1268 1826 bubo,
1315 1770 1393 1814 ex
1430 1752 1823 1822 Concordiae
1869 1755 2107 1840 templo
2163 1753 2243 1815 ad
2294 1753 2512 1815 omnia

574 1834 958 1917 praecipuae
1016 1834 1350 1916 religionis
1405 1833 1666 1896 delubra
1704 1835 2212 1907 circumvolans,
2312 1855 2512 1916 quum

543 1914 859 1997 *undique
894 1916 1323 1998 expelleretur
1344 1955 1362 1988 ‚
1404 1912 1719 1997 postremo
1749 1917 1814 1977 in
1848 1916 2007 1978 aede
2037 1916 2226 1979 Genii
2258 1915 2510 1999 publici

544 1992 904 2067 consedit:
950 2016 1160 2079 neque
1190 2011 1409 2079 captus
1453 1993 1539 2058 est
1559 2038 1577 2069 ,
1620 2012 1685 2059 et
1718 2017 1865 2059 sero
1896 2018 1974 2059 ex
2009 2011 2358 2080 conspectu
2387 1996 2514 2056 ho-

576 2074 812 2135 minum
861 2075 1161 2140 discefflt.
1244 2077 1496 2138 'I'hensa
1543 2079 1722 2142 Jovis
1769 2078 1936 2139 ludis
1975 2079 2351 2140 comminuta
2393 2075 2498 2136 est.

574 2158 649 2216 In
699 2155 939 2218 Judaea
989 2171 1198 2219 terrae
1241 2172 1448 2219 motus
1494 2158 1720 2240 ingens
1762 2156 2079 2221 infinitum
2145 2157 2506 2219 animalium

574 2256 940 2313 numerum,
985 2253 1049 2301 et
1078 2239 1400 2300 hominum
1436 2240 1923 2322 trigintaimillia
1962 2239 2312 2301 absorbuit.
2395 2238 2510 2297 Pi-

576 2338 868 2392 saurum,
911 2341 1093 2405 quam
1124 2320 1200 2380 ad
1247 2320 1639 2383 Adriaticum
1677 2322 1990 2382 Antonius
2034 2320 2345 2382 coloniam
2392 2318 2511 2378 de-

562 2397 876 2471 duxerat,
938 2416 1147 2464 terrae
1204 2415 1378 2462 motu
1428 2399 1634 2462 hausta
1682 2399 1787 2462 est.
1870 2402 2078 2483 Super
2111 2401 2352 2461 lonium
2397 2398 2508 2459 fax

572 2500 696 2564 per
725 2481 966 2564 aliquot
1003 2482 1141 2544 dies
1180 2502 1484 2564 suspensa
1527 2503 1775 2544 sursum
1822 2482 1889 2540 in
1928 2482 2246 2545 aetherem
2280 2500 2512 2542 recur-

573 2560 682 2620 rit.
763 2563 961 2623 Albae
992 2560 1177 2624 statua
1210 2581 1559 2624 marmorea
1590 2563 1853 2633 Antonii
1894 2563 2186 2627 sudorem
2212 2603 2228 2634 ‚
2273 2558 2508 2622 frustra

576 2639 1059 2722 detergentibus
1091 2643 1488 2726 quibusdam,
1530 2644 2020 2726 sanguinemque
2051 2638 2309 2704 multum
2341 2641 2509 2702 emi-

577 2721 680 2781 sit.
764 2721 1257 2807 Tempestatibus
1291 2724 1572 2804 percuffa
1622 2727 1959 2809 pleraquet
2001 2725 2066 2784 in
2101 2723 2200 2785 his
2239 2738 2508 2804 tropae-

573 2821 681 2861 um
740 2802 808 2861 in
849 2805 1201 2875 Aventino,
1262 2806 1545 2868 Victoria
1588 2806 1654 2865 in
1708 2812 1924 2877 scena,
1970 2824 2131 2886 pons
2186 2803 2508 2865 sublicius

572 2881 643 2941 in
697 2905 899 2945 amne.
982 2885 1277 2949 incendia
1322 2906 1575 2969 quoque
1623 2887 1835 2947 multis
1890 2886 2050 2947 locis
2098 2884 2393 2956 fuerunt,
2442 2896 2513 2945 et

572 2982 754 3105 inops
800 2967 1002 3029 Aetna
1068 2965 1369 3027 finitimos
1433 2967 1611 3052 gravi
1671 2981 1922 3031 terrore
1988 2965 2510 3050 detrimentoque

570 3063 676 3104 mu
706 3048 876 3108 tavit.

690 3153 828 3213 XX.
873 3152 1139 3219 Athenis
1174 3174 1252 3215 ex
1282 3155 1563 3217 Deorum
1599 3166 1662 3214 et
1697 3153 2016 3234 gigantum
2052 3151 2501 3223 dimicatione,

570 3250 755 3313 quam
792 3233 964 3301 ,fecit
1014 3237 1078 3296 in
1123 3249 1303 3297 scuto
1356 3235 1679 3295 Minervae
1728 3234 2032 3306 Phidias,
2090 3233 2356 3313 Dionysi
2413 3232 2506 3292 si-

568 3314 913 3375 mulacrum
964 3317 1171 3376 ventis
1238 3315 1552 3376 excuffum
1604 3314 1669 3373 in
1739 3314 1986 3376 theatro
2028 3314 2253 3391 jacuit3
2317 3312 2501 3391 cujus

567 3395 842 3456 numinis
886 3396 1164 3457 habitum
1219 3412 1445 3456 nomen
1497 3416 1574 3455 ue
1629 3395 1942 3455 Antonius
1995 3414 2301 3477 usurpare
2346 3413 2508 3454 con-

1453 3415 1564 3536 Ras
1598 3476 1900 3536 Eumenis
1936 3474 2255 3557 Attalique
2286 3475 2504 3535 colos-

568 3574 717 3629 sos,
821 3578 936 3618 uos
983 3558 1263 3620 Antonio
1311 3557 1805 3637 transcripserat
1856 3556 2137 3624 civitatis,
2178 3556 2500 3625 adulatio,

567 3655 796 3697 eat-mu
826 3640 906 3699 tis
961 3640 1132 3701 solos
1180 3638 1432 3700 evertit.
1529 3636 1995 3698 Praesentibus
2040 3638 2213 3698 curis
2268 3634 2507 3715 adjecit

566 3719 1059 3804 praeteritorum
1101 3720 1471 3782 memoriam
1523 3716 1925 3791 sollicitudo,
1971 3717 2146 3802 'quod
2181 3736 2388 3863 npzper
2436 3717 2505 3777 in

1517 3816 1524 3819 ’
2290 3813 2426 3862 iru-

625 4010 768 4078 Gap.
806 4012 954 4066 xlx,
992 4011 1228 4085 Joseph.
1267 4009 1400 4065 Anti
1448 4045 1464 4062 .
1489 4007 1569 4073 15,
1596 4026 1651 4075 7.
1688 4018 1749 4064 et
1784 4006 1857 4062 de
1886 4009 1955 4064 Β.
1984 4004 2119 4062 Jud.
2145 4026 2194 4076 1,
2219 4006 2309 4073 14.
2348 4001 2509 4059 Plut.

531 4088 617 4150 ‚et
645 4078 783 4135 Dio·
852 4081 998 4157 Cap.
1029 4082 1147 4137 XX.
1187 4078 1338 4135 Plut.
1373 4026 1523 4138 Plini.
1553 4079 1640 4147 36,
1676 4078 1730 4135 Β.
1768 4077 1921 4135 Plut.
1959 4076 2097 4133 Dio.

1671 4138 1678 4151 ἱ
