2675 4642
443 233 533 311 m
566 227 870 294 Locum
910 230 1072 297 me,
1112 156 1462 295 cxx'xvi.
1507 166 1738 298 mm
1981 225 2107 298 735

242 441 387 507 XV.
449 438 701 503 Eodem
752 459 917 501 anno
981 404 1048 498 in
1107 439 1519 524 Aethiopiam
1549 440 1855 530 ‘primum
1919 440 2103 522 signa
2164 430 2239 490 Π.
2260 430 2469 497 ῦο730·

122 529 414 588 Romana
444 536 871 620 penetrarunt
904 519 1009 580 his
1054 522 1304 582 causs‘is.
1388 523 1557 582 Dum
1600 536 1847 606 partem
1884 523 2109 605 copia·
2167 502 2435 562 *⁸⁰³²*
2522 570 2530 580 ,

123 626 271 669 rum
317 606 548 666 Aehus
580 605 803 671 Gallus
835 601 1116 664 Arabico
1148 602 1324 665 bello
1365 618 1673 687 occupat,
1719 604 1955 666 Aethio
2006 622 2102 675 es,
2133 571 2482 696 δέέιῖἱῖἳζ,

130 687 375 786 spretis
399 729 417 757 ,
480 705 642 770 quae
671 687 739 746 in
774 687 1072 767 Aegypto
1115 700 1593 759 remanserant,
1640 684 1834 747 castra
1871 705 1948 747 co
1999 705 2111 744 or-·
2132 708 2398 766 famis,

131 785 296 832 tium
368 770 577 849 Syene
630 765 966 829 constituta
1029 765 1246 828 subito
1294 767 1574 828 adventu
1637 779 2108 850 expugnarunt·

133 851 295 914 Pari
338 850 683 911 velocitate
732 846 971 911 deinde
1011 848 1441 933 Elephantina
1493 869 1566 910 ac
1608 849 1818 910 Philis
1873 848 2109 933 potiti,

137 946 370 1017 captos
413 931 482 992 in
522 930 902 995 servitutem
938 928 1363 1014 redegerant,
1430 928 1644 994 statuis
1683 931 1978 993 Caesaris
2033 952 2110 990 u-

136 1016 340 1098 bique
376 1012 670 1095 dejectis.
754 1013 962 1096 Igitur
988 1012 1365 1085 Petronius,
1409 1032 1551 1074 cum
1579 1013 1866 1096 peditatu
1898 1013 2111 1072 minus

140 1097 368 1158 decem
399 1094 692 1165 millium,
716 1093 1044 1178 equitibus
1061 1093 1454 1176 octingentis
1477 1094 1855 1167 adcurrens,
1876 1095 2110 1176 trigin-

133 1193 201 1241 ta
233 1177 564 1239 hominum
592 1176 791 1237 millia
831 1176 1066 1257 fugere
1102 1175 1243 1258 ipsa
1276 1175 1590 1238 adventus
1630 1178 1733 1238 sui
1760 1178 1924 1238 sama
1958 1195 2112 1237 coe-

137 1261 256 1344 git.
305 1262 453 1342 Ipse
483 1271 816 1341 sequutus,
851 1258 931 1319 ad
958 1256 1320 1331 Pselcham,
1367 1257 1674 1343 oppidum
1698 1258 2110 1341 Aethiopiae,

137 1345 393 1428 legatos
415 1360 524 1401 res
557 1340 906 1423 repetitum
939 1338 1134 1403 misit.
1177 1340 1296 1405 mi,
1328 1359 1399 1400 se
1437 1361 1470 1400 a
1504 1341 1871 1403 nomarchis
1906 1341 2116 1401 laces-

143 1427 314 1486 sitos
343 1419 496 1504 justa
547 1421 787 1507 piaque
814 1441 988 1483 arma
1025 1421 1410 1503 corripuiss'e
1438 1421 1941 1505 responderunt.
1994 1421 2115 1483 Vi-

145 1506 353 1568 eiffim
395 1503 744 1571 Petronius
774 1547 791 1576 ,
865 1505 1206 1565 Caesarem
1246 1504 1373 1564 ess'e
1420 1501 1744 1564 dominum
1782 1503 2107 1588 regionis,

140 1585 525 1651 nomarchas
555 1604 683 1646 non
718 1584 883 1659 effi,
926 1600 1241 1668 regerens
1267 1627 1285 1659 ,
1329 1584 1533 1647 tridui
1570 1586 1844 1670 spatium
1887 1599 2118 1671 peten-

144 1669 325 1734 tibus
381 1667 459 1729 ad
496 1665 982 1728 deliberandum
1022 1667 1230 1729 dedit.

219 1784 226 1793 '
270 1775 447 1841 ''XVL
490 1773 804 1837 Pervenit
841 1787 1054 1835 tamen
1088 1792 1197 1834 res
1240 1772 1694 1856 adapugnamt
1743 1771 1855 1836 sed
1881 1815 1898 1846 ,
1962 1793 2117 1855 pro·
2176 1757 2325 1828 Fuga
2359 1771 2410 1809 ’ἲ
2508 1814 2513 1825 ,

148 1871 306 2004 pter
345 1871 413 1919 et
449 1854 835 1941 imperitiam
878 1852 1229 1916 instruendi
1273 1869 1336 1917 et
1374 1857 1591 1998 inepta
1622 1877 1793 1917 arma
1825 1853 2116 1923 hostium,
2143 1829 2340 1881 ‘'mn‘'
2362 1825 2465 1881 ‘4⁸’

185 1939 373 2003 acilis
444 1938 779 2000 victoriae.
879 1937 1070 1998 Scuta
1136 1938 1424 2020 ingentia
1509 1951 1769 2000 erentes
1822 1958 1859 1998 e
1917 1936 2120 1999 crudo

150 2022 349 2084 bovis
384 2021 608 2090 corio,
654 2018 989 2079 securibus
1023 2020 1169 2093 alii,
1216 2033 1321 2081 aut
1362 2020 1572 2080 contis
1607 2040 1745 2080 rem
1784 2019 2121 2102 gerebant,
2245 2042 2301 2079 ι»

149 2104 293 2167 rari
335 2102 588 2186 gladiis,
667 2105 806 2164 Nec
856 2099 1148 2162 eumdem
1193 2120 1419 2162 omnes
1466 2102 1679 2162 locum
1725 2101 1875 2186 fuga
1914 2101 2126 2186 petie·
2185 2146 2190 2151 -

148 2199 330 2249 runt.
415 2182 615 2245 Pauci
641 2181 708 2243 in
742 2182 1002 2244 deserta
1038 2181 1427 2245 abdiderunt
1462 2202 1644 2244 sese:
1690 2184 1912 2267 plures
1961 2183 2127 2247 vici-

145 2287 308 2332 num
346 2265 648 2351 oppidum
684 2264 983 2348 adcepit:
1033 2264 1299 2331 fuerunt
1324 2307 1343 2337 ,
1389 2266 1499 2348 qui
1545 2265 1612 2325 in
1637 2265 1995 2348 proximam
2025 2264 2126 2324 in-

155 2350 362 2412 sulam
395 2349 604 2409 nando
640 2346 1048 2426 trajicerent,
1095 2345 1266 2430 quod
1310 2368 1386 2409 ea
1415 2359 1600 2429 parte
1642 2361 1915 2431 propter
1945 2348 2129 2410 velo-

152 2432 415 2495 citatem
463 2428 665 2495 amnis
696 2428 961 2490 minime
1001 2428 1187 2490 multi
1234 2427 1557 2493 crocodili
1607 2443 1813 2490 erant.
1891 2430 1961 2490 In
2020 2427 2126 2490 his

31 2568 38 2577 .
151 2514 360 2576 duces
401 2513 594 2575 etiam
633 2510 898 2575 fuerunt
944 2530 1017 2573 re
1065 2510 1211 2583 inae
1258 2509 1626 2580 candaces,
1686 2530 1884 2595 quae,
1944 2508 2128 2573 virili

153 2595 372 2658 animo
409 2594 685 2666 mulier„
728 2590 1035 2676 Aethiopi
1084 2615 1158 2654 us
1201 2605 1332 2655 tum
1371 2592 1765 2690 imperabat,
1810 2593 2015 2655 altero
2054 2611 2127 2653 o-

154 2678 307 2743 culo
330 2689 534 2761 capta.
594 2674 771 2747 Hos,
824 2674 893 2734 in
929 2674 1302 2758 potestatem
1344 2671 1546 2745 statim
1580 2674 1902 2748 redactos,
1947 2674 2125 2754 (nam

152 2758 405 2821 ratibus
428 2771 493 2820 et
555 2755 887 2821 uibusdam
920 2757 1196 2852 navigiis
1217 2771 1464 2842 partem
1503 2770 2126 2823 armatorumtrans·
2156 2798 2161 2804 .

151 2779 924 2923 jeceratuflexandriam
960 2836 1158 2901 misit.
1241 2844 1380 2903 Nec
1424 2838 1699 2900 Pselcha
1738 2858 1976 2900 moram
2026 2837 2127 2898 fe-

156 2923 294 2996 cit,
355 2936 652 3004 tantaque
682 2919 1022 2981 multitudo
1072 2920 1471 3004 captivorum
1512 2921 1678 2994 fuit,
1749 2934 1854 2992 ut,
1911 2918 2127 2981 addita

151 3023 429 3067 numero
465 3001 996 3074 interfectorum,
1061 3021 1303 3085 paucos
1356 3022 1435 3065 ex
1477 3002 1592 3063 illo
1638 3002 1927 3065 exercitu
1980 3021 2143 3079 eva-N

158 3084 312 3147 sisse
350 3080 687 3146 constaret.
769 3081 869 3144 Ab
899 3082 1025 3147 hoc
1064 3083 1344 3169 oppido,
1390 3102 1513 3167 per
1549 3103 1781 3145 arenae
1816 3083 2127 3155 cumulos,

157 3167 276 3251 qui
314 3166 642 3247 Cambysia
676 3165 895 3248 copias
930 3166 1293 3228 intexerant
1316 3207 1343 3239 ,.
1380 3165 1750 3249 profectus,
1794 3165 2128 3239 Premnin,

159 3253 471 3309 munitam
518 3247 646 3308 situ
700 3246 969 3322 urbem,
1037 3267 1119 3310 ex
1163 3247 1405 3311 itinere
1458 3267 1542 3331 op
1593 3261 1885 3331 ugnatam
1932 3246 2129 3329 cepit.
2244 3240 2261 3267 ‘

162 3329 324 3393 Inde
361 3341 625 3413 praeter
657 3327 969 3404 Aboccin,
1010 3328 1329 3392 Phthurin
1354 3371 1375 3403 ‚
1418 3331 1549 3392 Can
1596 3329 1763 3402 usin,
1804 3330 2130 3400 Attenam‚

162 3408 454 3474 Stadisin
478 3452 496 3484 ,
543 3409 654 3472 ubi
700 3409 883 3473 Nilus
906 3453 924 3485 ‚
968 3413 1241 3474 maximo
1279 3432 1421 3475 cum
1466 3406 1732 3495 fragore
1767 3430 1838 3473 se
1876 3410 2136 3494 praeci-

160 3492 414 3579 pitans,
459 3490 742 3553 auditum
778 3491 1022 3571 adcolis
1071 3493 1332 3557 auferre
1368 3493 1643 3568 dicitur,
1686 3493 1928 3577 captis,
1973 3509 2140 3577 quae

168 3575 705 3653 memoravimus,
772 3573 1070 3659 oppidis,
1129 3580 1368 3661 Napata
1406 3587 1812 3661 perventum.

191 3706 196 3717 ’
292 3699 494 3763 an.
554 3697 780 3783 Regia
814 3698 1139 3761 Candaces
1177 3699 1341 3763 baec
1397 3713 1579 3762 erat:
1640 3697 1917 3782 etipsa,
1981 3714 2136 3794 pro·
2199 3666 2501 3758 ΒΜἸΜ*

169 3779 423 3877 pinquo
482 3800 555 3844 se
608 3779 862 3845 castello
914 3795 1144 3849 tenens
1173 3824 1190 3856 ,
1260 3783 1510 3866 legatos
1563 3780 1645 3844 de
1745 3801 1861 3844 ace
1920 3792 2137 3853 misit,
2162 3758 2498 3897 azzi-{⁵22

171 3875 380 3946 captis
412 3863 493 3927 ad
533 3865 792 3947 Syenen
830 3860 1195 3931 bominibus
1215 3862 1567 3948 statuisque
1603 3883 1677 3925 re
1704 3878 1705 3881 ’
1731 3863 1935 3927 itutis.
2001 3865 2140 3927 Nec
2169 3894 2462 3951 Canum·
2582 3936 2585 3939 ,

238 4053 388 4126 Cap.
425 4057 554 4111 XV.
606 4055 845 4122 Strabo,
879 4055 923 4112 1.
960 4074 1042 4122 1¹7.
1077 4071 1140 4126 p.
1173 4054 1296 4110 820.
1353 4053 1490 4120 Dio,
1526 4063 1583 4107 et
1618 4054 1856 4109 Strabo.
1904 4052 2054 4110 Ptin.
2087 4053 2144 4121 6,

160 4139 255 4195 29·
290 4123 531 4189 Strabo.
608 4126 756 4199 Cap.
792 4126 949 4184 xvl.
998 4124 1149 4181 Plin.
1208 4123 1350 4180 Dio.
1384 4123 1551 4180 Ptin,
1576 4123 1821 4180 Strabo.
1934 4168 1942 4177 .

209 4403 246 4423 ae

2485 280 2515 333 t

2145 1898 2407 1970 rhispao·-
2518 1962 2527 1971 ι

2634 394 2653 545 q
