2675 4642
227 429 301 557 X:
331 446 532 568 &⁷5:5³1

208 620 546 672 Ariobarza-

192 705 285 740 κη
299 700 351 741 et
367 688 543 741 C-An·

194 758 374 809 tonius
410 758 543 811 occi-

191 827 423 880 duntur.

566 221 691 288 386
742 224 1153 315 FREINSH.
1178 222 1786 289 SUPPLEMENT.
1808 224 2336 287 L1n'.1.xxxv1.
2368 244 2532 289 Ere.

572 455 751 507 usus‚
798 453 939 494 cum
969 432 1201 514 legatis
1234 446 1301 494 et
1331 437 1714 498 muneribus
1741 434 1999 496 remisit
2034 433 2112 495 ad
2142 454 2391 517 regem,
2438 457 2577 499 ma-

572 517 710 596 jora
754 515 945 577 simul
983 514 1217 579 auxilia
1254 529 1522 597 peten8‚
1569 538 1732 603 quae
1769 516 2049 600 perditis
2078 516 2334 579 demum
2364 519 2575 583 rebus

570 599 941 661 adfuerunt.
1024 598 1292 658 Interim
1325 602 1606 681 equites,
1653 623 1688 661 a
1717 600 1926 661 Caffio
1955 600 2279 681 praemiss'i
2309 602 2377 660 in
2402 603 2577 686 Cap-

569 682 903 767 padoeiam
927 721 946 753 ‚
1003 678 1515 743 Ariobarzanem
1540 725 1556 756 ‚
1611 697 1926 766 tamquam
1962 681 2416 743 insidiatorem
2447 684 2577 744 im..

569 763 896 849 peratoris
936 761 1073 832 sui,
1119 760 1540 837 occiderunt,
1596 784 1952 847 magnaque
1999 784 2140 824 cum
2183 766 2463 849 pecunia
2501 781 2576 829 et

571 861 807 909 cetero.
826 842 1006 925 regis
1036 840 1458 915 instrumento
1493 846 1573 907 ad
1596 848 1866 910 Cass'ium
1895 845 2149 907 reversi
2178 860 2344 907 sunt.
2392 848 2576 909 Dum

571 950 648 991 ea
689 938 1040 1010 geruntur,
1106 928 1190 988 M.
1237 928 1520 1001 Brutum,
1578 928 1899 990 mortibus
1939 942 2035 990 tot
2070 928 2572 991 clariss'imorum

567 1013 862 1073 virorum
884 1049 900 1079 ‚
949 1006 1067 1067 sed
1102 1010 1320 1089 praeci
1375 1030 1456 1071 ue
1493 1012 1575 1071 D.
1608 1011 1801 1071 Bruti
1842 1023 1906 1071 et
1941 1014 2029 1069 M.
2057 1012 2423 1083 Ciceronis»,
2472 1013 2575 1073 ir-

569 1093 837 1161 ritatus‚
883 1090 962 1150 ad
999 1031 1454 1152 vindicandam
1492 1105 1624 1154 tum
1709 1113 1784 1153 ro
1834 1091 2018 1175 inqui
2055 1092 2191 1166 sui,
2236 1107 2370 1153 tum
2406 1096 2576 1154 ami..

571 1172 800 1236 ciss'imi
843 1172 968 1234 viri
1010 1191 1273 1246 necem,
1340 1174 1611 1257 scripsit
1644 1114 1725 1269 (Ξ.
1753 1115 2151 1247 Ifortensim
2213 1188 2282 1235 ut
2322 1178 2394 1236 C.
2426 1178 2576 1237 An-

567 1256 856 1326 tonium,
918 1275 1109 1338 quem
1153 1253 1467 1318 hactenus
1512 1277 1756 1317 summa
1795 1275 1948 1332 cura
1984 1256 2401 1328 defenderat,
2465 1258 2578 1318 in-

568 1336 929 1400 terficeret.
1019 1336 1215 1408 Sunt}
1276 1338 1389 1421 qui
1432 1353 1742 1405 necatum.
1773 1360 1806 1398 a
1839 1340 1908 1398 C.
1944 1337 2175 1400 Clodio
2212 1340 2579 1402 Antonium

569 1419 825 1483 tradant
844 1461 860 1492 ‚
905 1417 1175 1481 timente
1196 1461 1212 1491 ‚
1258 1442 1356 1501 ne*
1382 1440 1502 1503 per
1531 1420 1871 1482 submiss'os
1901 1442 1934 1480 a
1963 1424 2184 1481 Marco
2213 1420 2419 1481 fratre
2455 1443 2578 1484 eu-

570 1501 773 1647 Podia
830 1501 1223 1584 eriperetur.
1311 1502 1445 1564 Sed
1485 1501 1712 1583 juss'um
1738 1500 1930 1563 Bruti
1974 1501 2162 1563 fuiss'e
2209 1503 2367 1564 satis
2410 1525 2578 1566 con-

598 1598 724 1657 tat,
781 1582 1070 1666 itemque
1116 1582 1541 1645 ministerium
1580 1580 1957 1646 Hortensii:
2031 1584 2286 1668 quando
2336 1598 2403 1646 et
2440 1586 2578 1648 hoc

570 1680 830 1728 mortuo
878 1664 1001 1745 jam
1037 1669 1246 1727 Bruto
1282 1670 1372 1727 M.
1404 1665 1729 1728 Antonius
1774 1665 2229 1750 exprobravit,
2291 1681 2360 1751 et
2389 1668 2577 1731 Hor-

571 1750 852 1811 tensium
896 1749 1073 1812 velut
1113 1746 1387 1810 inferias
1425 1746 1617 1811 fratri
1654 1747 1858 1811 dedit.

642 1960 787 2030 cap.
809 1956 1075 2013 xxvm.
1114 1954 1254 2013 mo.
1289 1966 1351 2012 et
1378 1954 1644 2031 Appiam.
1676 1955 1835 2015 Plut.
1871 1954 2027 2032 nio.
2048 1930 2179 2018 mv.
2206 1958 2365 2032 Epit.
2397 1959 2563 2020 mut.

572 2027 795 2089 Antan.
831 2036 889 2084 et
916 2028 1131 2083 Bruto.
