2675 4642
472 209 565 272 m
599 204 908 272 Locum
947 208 1122 271 Lm
1147 201 1494 278 cxxxvt
1527 179 1807 285 mvn„
1888 254 1897 261 .
2002 215 2123 303 730

127 419 252 500 jam
289 431 430 478 erat
470 414 698 483 Martis
730 415 976 481 Ultoris
1007 415 1237 490 aedes,
1283 438 1474 505 quam
1516 423 1693 486 bello
1729 425 1952 510 Philip
2003 449 2113 491 en·
2179 438 2247 495 U.
2279 461 2332 499 c.
2355 449 2478 513 732.

122 502 214 571 si,
265 517 392 582 pro
432 498 683 561 ultione
729 509 998 579 paterna
1029 514 1334 587 suscepto
1368 546 1385 578 ,
1430 519 1722 569 voverat.
1790 509 1918 571 Sed
1998 533 2111 576 aee
2174 508 2443 573 A.C.20.

120 578 337 665 postea
383 579 575 640 facta.
665 581 831 641 Tum
875 598 1034 641 vero
1065 623 1081 654 ,
1132 603 1327 665 quum
1357 585 1606 648 viarum
1654 604 1914 651 curator
1954 612 2108 653 con·
2400 592 2419 602 ’

125 661 381 723 stitutus
411 644 654 723 Caessar‘
692 658 853 722 duos
891 680 930 728 e
981 665 1331 747 praetoriis
1372 686 1518 727 cum
1549 669 1723 731 binis
1764 665 2137 749 lictoribus}

126 743 573 827 praefeciss'et3
660 740 736 801 ab
795 742 898 802 his
964 760 1163 824 opera
1205 747 1421 809 ,multa
1478 749 1648 811 facta
1694 748 1801 812 a‘ut
1858 754 2134 817 refecta

127 838 315 897 sunt,
364 824 431 882 in
463 824 695 907 quibus
727 837 793 884 et
823 821 1193 888 milliarium
1230 848 1495 891 aureum
1535 832 1923 896 nominatur.
1972 838 2105 900 Sub

128 906 307 966 idem
353 918 646 988 tempus,
722 925 915 989 quum
960 906 1133 969 Julia
1180 908 1250 969 C.
1304 909 1662 1008 Agrippam
1713 917 2102 999 peperisset,

126 988 305 1048 inter
351 987 472 1049 alia
516 986 788 1047 natalem
835 987 971 1065 ejus
1022 984 1177 1052 stato
1226 990 1550 1054 sacr1ficio
1596 998 1934 1077 quotannis
1989 1022 2102 1063 co-

126 1068 397 1130 lendum
459 1070 690 1130 Patres
745 1083 1160 1133 censuerunt.
1265 1072 1532 1156 Augusti
1596 1097 1854 1160 quoque
1911 1082 2108 1145 natali

123 1149 461 1214 circenses
499 1163 572 1211 et
605 1151 1013 1218 venationem
1035 1151 1294 1239 privato
1331 1169 1590 1247 sumptu
1613 1157 1858 1225 aediles
1882 1162 2106 1229 edide-

129 1246 309 1297 runt»
973 1268 977 1273 ·

245 1353 479 1418 xxlv.
541 1354 805 1415 Interim
845 1353 1082 1417 Caesar
1123 1358 1269 1440 paci
1310 1361 1673 1440 ornandae,
1716 1371 1947 1451 procul
1993 1372 2103 1437 ab-

117 1434 335 1516 legata
357 1435 638 1496 bellandi
666 1435 1000 1519 cupidine,
1049 1441 1419 1519 provincias
1452 1447 1804 1514 secundum
1833 1452 2016 1552 leges
2038 1469 2105 1523 et
2133 1426 2486 1550 xxxxix,

118 1515 262 1596 jura
282 1514 624 1589 constituit,
653 1517 890 1579 liberas
912 1519 1209 1587 civitates
1237 1523 1606 1608 amicosque
1625 1550 1818 1612 reges
1846 1555 1980 1602 suls
2003 1537 2102 1604 in·-
2133 1562 2396 1618 stabiliter

122 1595 356 1662 stitutis
395 1599 488 1660 uti
523 1599 853 1684 permisit:
917 1614 1112 1683 atque
1155 1602 1279 1664 hoc
1321 1605 1451 1666 sibi
1488 1610 1834 1674 consilium
1883 1636 2102 1685 mane·
2127 1635 2420 1701 constituit.

120 1699 199 1742 re
252 1680 528 1749 senatui,
559 1701 813 1763 quoque
866 1682 1154 1764 scripsit·
1240 1686 1586 1751 Jamblichi
1633 1705 1699 1753 et
1745 1696 2103 1761 Tarcondi-

117 1761 281 1821 moti
330 1759 521 1833 filiis,
574 1776 826 1847 patrum
867 1764 1127 1827 nomina
1169 1766 1650 1845 referentibus,
1697 1778 1949 1857 quaslin
1996 1782 2103 1842 Ci-

117 1841 271 1917 licia
311 1857 377 1904 et
413 1843 668 1915 Arabia]
688 1843 991 1927 regiones
1024 1843 1551 1926 illihabuerant,
1596 1855 1926 1922 reddidit:
1972 1862 2107 1926 nisi

119 1923 300 2005 quod
347 1924 665 1991 maritima
718 1925 1025 2009 quaedam
1092 1926 1357 1993 Ciliciae
1414 1931 1681 2003 donavit
1735 1940 2099 2019 Archelao,

117 2006 225 2067 cui
278 2019 345 2067 et
379 2005 696 2068 minorem
736 2008 1109 2068 Armeniam
1142 2013 1538 2080 concesserat
1562 2059 1580 2091 ‚
1652 2018 1792 2101 post
1823 2038 2102 2089 mortem

112 2086 297 2149 Medi
331 2087 742 2161 Artavasdis,
803 2088 984 2169 eujus
1032 2090 1099 2155 in
1135 2091 1445 2173 potestate
1475 2118 1748 2182 regnum
1794 2102 1957 2166 istud
1992 2107 2098 2168 fu-

114 2182 276 2230 eratz
361 2173 496 2231 Nec
544 2169 848 2231 Herodes
913 2170 1040 2231 sibi
1101 2171 1349 2248 defuit,
1423 2178 1580 2261 quin
1640 2187 2094 2253 commoditate
2157 2188 2397 2287 Riguus

109 2251 431 2335 temporis
491 2262 558 2310 et
604 2250 869 2333 Augusti
927 2252 1208 2323 amicitia
1256 2256 1338 2316 ad
1397 2279 1670 2343 regnum
1732 2269 2094 2362 augendum
2119 2287 2316 2341 Herodi
2331 2291 2435 2355 fir,

110 2345 429 2396 uteretur.
498 2330 875 2395 Gadarenos
902 2333 1319 2403 adcusatores
1354 2359 1536 2413 suos,
1571 2342 1650 2403 ab
1686 2345 1976 2433 Agrippa
2003 2352 2092 2420 si.
2121 2366 2346 2410 matum.

106 2411 177 2473 bi
205 2412 522 2487 traditos,
569 2412 833 2503 impune
869 2412 1223 2485 dimiserat.
1310 2419 1383 2484 ld
1415 2420 1805 2487 beneficium
1833 2470 1849 2501 ‚
1896 2452 2090 2516 quum

105 2495 358 2556 animos
405 2515 632 2559 eorum
677 2497 954 2584 implere
1000 2516 1221 2561 amore
1271 2513 1398 2565 tam
1433 2502 1702 2586 benigni
1746 2511 1926 2593 regis
1963 2514 2094 2576 *de-

104 2574 376 2648 buiss'et‚
425 2577 843 2642 incitamento
876 2579 1039 2651 fuit,
1105 2593 1182 2642 ut
1228 2581 1468 2649 iterum
1506 2588 1818 2654 auderent
1856 2593 1940 2655 de
1980 2617 2096 2661 eo-

101 2655 255 2718 dem
307 2680 341 2718 a
392 2657 480 2718 ud
534 2659 873 2721 Caesarem
922 2660 1131 2744 queri.
1231 2665 1614 2736 Zenodorus
1654 2669 1775 2739 ‘his
1831 2675 2089 2757 aderat,

98 2738 280 2803 inter
324 2680 671 2801 (galilaeam
719 2756 786 2804 et
823 2742 1231 2805 Trachonem
1278 2746 1451 2812 haud
1496 2770 1734 2835 parvae
1798 2758 2090 2839 regionis
2192 2768 2205 2775 ¹

96 2820 449 2883 tetrarcha.
538 2822 668 2885 Sed
711 2824 911 2888 semel
951 2823 1155 2885 auditi
1191 2825 1558 2903 delatores,
1604 2853 1801 2914 quum
1848 2858 1974 2925 pur
2022 2864 2088 2902 a-

95 2901 351 2962 tionem
395 2902 574 2983 regis
610 2902 826 2989 adcipi
871 2903 1207 2978 viderent,
1271 2923 1447 2970 metu
1488 2931 1571 2972 ne
1604 2912 1839 2981 iterum
1878 2918 1959 2982 de
2008 2924 2088 2989 iti

96 2982 609 3046 crudeliffimum
654 2986 1147 3069 experirentur,
1211 3004 1413 3052 noctu
1442 2994 1833 3079 semetipsos
1881 3001 2086 3065 inter·
2130 2998 2137 3005 ’

93 3064 424 3126 fecerunt.
510 3066 892 3128 Zenodorus
948 3068 1332 3132 Antiochiae
1363 3114 1380 3145 ‚
1448 3074 1660 3155 ruptis
1704 3081 1936 3143 morbo
1975 3099 2084 3149 aut

93 3164 256 3206 casu
299 3146 664 3208 visceribus
690 3191 708 3222 ‚
767 3147 1000 3209 effudit
1039 3150 1366 3232 spiritum.
1412 3153 1724 3219 ditionem
1762 3159 1901 3241 ejus
1943 3167 2080 3227 He..

89 3226 303 3290 rodes·
343 3226 513 3289 dono
563 3231 861 3292 Caesaris
911 3229 1207 3313 adeepit‚
1284 3248 1351 3295 et
1394 3236 1477 3297 ob
1519 3235 1679 3299 haec
1731 3244 1962 3309 merita
2014 3250 2080 3312 ei

86 3309 412 3392 templum
449 3311 515 3370 in
555 3310 779 3372 eadem
819 3312 928 3378 illa
962 3312 1237 3394 regione
1282 3317 1525 3405 posuit.
1614 3322 2080 3409 Commagenes

82 3410 367 3488 regnum
429 3391 790 3463 Mithridati
853 3393 1124 3456 tradidit
1194 3395 1463 3472 Caesar,
1539 3421 1750 3492 puero
1822 3408 2072 3490 adhue,

87 3493 248 3563 quia
295 3486 546 3559 patrem
576 3473 717 3554 ejus
753 3474 1116 3541 Antiochus
1151 3479 1506 3549 occiderat,

211 3601 425 3668 XXV.
467 3602 807 3678 Artaxias,
852 3604 1116 3687 majoris
1166 3608 1516 3684 Armeniae
1562 3633 1715 3691 rex,
1760 3621 1875 3703 qui
1907 3623 2069 3685 Par.

81 3684 349 3749 thorum
388 3684 622 3774 opibus
658 3683 950 3767 steterat,
994 3687 1099 3757 his
1148 3690 1414 3758 Caesari
1445 3693 1529 3761 de
1562 3697 1870 3774 Armenia
1905 3724 2065 3769 con..

145 3885 303 3958 Cap.
339 3887 546 3942 xxm.
585 3890 826 3961 Strabo,
859 3895 1016 3953 Veli.
1065 3896 1308 3955 sueton.
1343 3897 1565 3975 Tib.'9.
1618 3903 1862 3963 Strabo.
1915 3909 2061 3964 Tae.

79 3955 244 4014 Anu.
275 3973 328 4022 ε,
368 3979 417 4012 1.
454 3958 593 4015 Dio.
643 3963 925 4026 Torreat.
959 3966 1019 4018 in
1050 3964 1294 4026 Sueton..
1333 3970 1485 4043 Aug.
1513 3990 1598 4027 21.
1671 3974 1816 4048 Cap.
1848 3977 2056 4036 XXIV,
2092 4045 2094 4047 ‚
2162 3974 2181 3985 “

76 4021 439 4081 Dim-Onici.
471 4028 616 4082 Fast.
647 4028 765 4088 1.5.
804 4051 859 4086 v.
888 4035 1012 4105 5913.
1051 4036 1297 4095 Sueten.
1334 4038 1484 4113 Aug.
1508 4041 1772 4111 29,·Dio.
1809 4045 2056 4119 Joseph.
2162 4062 2163 4065 ’

70 4091 285 4170 Antiq·
317 4094 400 4167 ιδ,
426 4095 508 4155 13.
547 4096 685 4158 Dio.
721 4101 961 4179 Joseph.
999 4103 1138 4164 Dio.
1211 4105 1360 4183 Cap.
1382 4110 1561 4165 XXV.
1600 4112 1911 4170 Tac.Ann.
1933 4117 2057 4181 2‚3.

1354 4179 1640 4255 Aean
