2675 4642
22 670 23 677 κ
91 634 139 694 ti
180 635 441 709 tradita,
491 634 690 696 satius
722 650 902 719 puto.
965 659 1049 700 ne
1086 639 1255 701 enim
1294 636 1375 698 ad
1409 655 1631 708 vanam
1671 632 2068 717 superstitio-

440 255 551 339 ω
589 261 893 327 Locum
928 260 1093 324 Lm.
1138 250 1425 328 cx'xlv.
1469 258 1699 361 mvn.
1779 248 1792 253 ”
1845 248 1856 253 ’
1946 262 2066 332 43.

204 471 329 537 lv.
385 456 581 533 Haec
608 472 686 532 ab
722 471 1095 538 hominibus
1137 473 1352 536 habita
1395 484 1545 535 sunt
1580 470 1915 532 evertendi
1954 467 2068 532 sta·
2123 470 2195 529 U.
2224 487 2275 524 c.
2304 486 2430 537 ¹7¹⁰.-

89 564 191 614 tus
224 554 569 636 popularis
608 553 882 616 indicia:
929 577 1090 641 quae
1125 555 1391 627 referri,
1436 575 1622 638 quam
1659 555 2067 637 praetermit⁶
2123 540 2413 666 'gufbfe’c'

2100 692 2214 733 {am
2242 678 2420 732 multa

22 748 23 753 κ
92 734 237 775 nem
277 718 532 777 animos
573 718 879 790 illiciant,
937 738 1071 782 non
1108 719 1408 791 silentio,
1467 717 1583 780 sed
1618 734 2445 818 commem01·a-p,.„d,·3,·„,.„

22 820 25 875 ζ
94 796 312 872 tione,
363 799 587 880 potins
627 799 954 874 obtineas,
1010 802 1243 875 modo,
1301 799 1458 882 quid
1495 800 1592 860 eis
1632 798 1714 859 de
1747 797 1944 859 rebus
1977 812 2072 859 te-
2092 819 2376 883 fumun:

22 900 23 949 j
96 881 236 939 neri
276 881 547 941 rectius·
572 879 691 952 sit,
749 878 1125 946 ostenderis.
1227 887 1364 947 Nec
1413 884 1583 943 enim
1630 879 1940 951 tacendo,
2003 893 2075 942 ut

22 1016 25 1067 ἱ

22 1210 27 1271 1

22 1286 25 1371 Ι

98 960 205 1020 alii
253 982 517 1045 quoque
567 961 1039 1040 obmutescant,
1101 962 1444 1027 effocet-ise
1509 976 1575 1025 et
1608 957 1877 1045 praestat
1910 960 2073 1023 haec

101 1043 177 1102 ab
207 1043 314 1104 his
348 1044 640 1118 narrari,
686 1046 797 1127 qui
837 1046 1073 1109 talibus
1109 1068 1241 1107 non
1278 1047 1425 1129 plus
1457 1043 1616 1125 justo
1654 1041 1942 1104 tribuere
1972 1043 2071 1103 di-

100 1123 423 1186 dicerunt.
508 1129 666 1188 Nam
717 1140 782 1188 et
830 1129 927 1190 sic
977 1142 1230 1190 narrata
1285 1148 1429 1188 cum
1475 1125 1766 1188 remedio
1810 1125 2072 1187 innoxia

101 1205 342 1276 intrant
385 1207 669 1279 animos,
717 1222 783 1270 et
810 1212 1081 1294 ‚saepius
1120 1212 1322 1283 lecta,
1363 1207 1439 1269 -si
1477 1207 1650 1270 sorte
1692 1207 1926 1267 iterum
1971 1208 2071 1266 in-

102 1287 425 1362 ciderint,
484 1289 625 1371 ipsa
658 1292 1126 1360 consuetudine
1161 1291 1374 1354 levius
1414 1290 1740 1351 timentur.
1831 1288 1961 1349 Sed
2004 1289 2074 1349 iu

22 1374 25 1451 ζ
106 1370 400 1431 Caesaris
439 1369 657 1430 castris
694 1373 981 1456 auspicia
1019 1389 1290 1457 extaque
1330 1372 1492 1432 laeta
1532 1383 1746 1440 erant,
1814 1370 2074 1454 ipsique

22 1486 25 1497 2
104 1472 221 1534 per
268 1451 1064 1551 quietemssaesampater
1110 1453 1494 1538 praedixiss'e
1539 1471 1919 1535 prosperam
1955 1474 2076 1534 pu-

106 1552 284 1614 gnam
326 1533 573 1607 fertur,
621 1534 979 1610 admonito,
1023 1551 1093 1599 ut
1128 1536 1404 1618 aliquam
1435 1555 1573 1598 rem
1601 1532 1967 1613 adsumeret
1996 1552 2076 1593 ex

106 1615 219 1687 iis,
270 1636 432 1697 quas
471 1614 750 1679 dictator
782 1618 927 1701 ipse
960 1616 1337 1701 gestaviss‘et.
1428 1619 1635 1700 Igitur
1667 1616 1966 1675 annulum
2006 1634 2077 1675 e-

107 1693 202 1776 jus
233 1695 451 1757 induit
491 1694 731 1769 statim,
778 1719 990 1784 eoque
1030 1696 1243 1784 postea
1285 1717 1543 1782 quoque
1582 1697 1963 1792 frequenter
1990 1694 2079 1756 est
2339 1769 2345 1775 ¹
2420 1749 2440 1777 „
2521 1768 2526 1783 ⁸

112 1798 280 1839 usus·
367 1777 502 1841 Sed
556 1792 622 1841 et
664 1780 957 1843 medicus
1003 1782 1143 1861 ejus
1181 1779 1488 1843 Artorius
1532 1782 1913 1863 imaginatus
1950 1773 2075 1850 est,

115 1861 458 1922 aMinerva
495 1861 622 1922 sibi
658 1864 981 1946 praecipi,
1029 1876 1100 1925 ut
1125 1866 1502 1936 Caesarem,
1543 1863 1701 1923 licet
1731 1857 2080 1922 invalidum

111 1939 342 2014 adhuc,
370 1942 706 2017 ‚educeret
738 1943 1015 2017 castrias
1047 1958 1114 2007 et
1146 1945 1217 2006 in
1256 1943 1396 2006 acie
1431 1944 1802 2004 collocaret.
1877 1959 2082 2024 eaque

110 2042 246 2099 res,
289 2043 427 2084 non
469 2035 688 2109 spreta
727 2025 805 2087 ab
843 2025 1296 2099 adolescente,
1345 2023 1710 2088 salubriter.
1739 2021 1804 2084 ei
1845 2022 2079 2094 cessit,

111 2118 178 2164 ut
208 2103 431 2187 poftea
467 2107 986 2183 memorabimus.
1781 2140 1788 2147 ·
2085 2128 2088 2133 ’

225 2210 309 2275 V.
352 2212 612 2274 Interea
647 2211 927 2288 Cass'ius,
987 2227 1246 2277 terrore
1289 2210 1744 2296 prodigiorum
1786 2207 2081 2271 nonnihil
2130 2216 2454 2290 Bratuspa-

112 2289 396 2372 dejectos
426 2293 701 2357 militum
728 2296 1283 2359 animoseernens
1302 2336 1319 2368 ,
1367 2295 1569 2377 magis
1603 2292 1802 2375 magis
1852 2311 1936 2353 ue
1965 2290 2079 2349 du·
2104 2290 2367 2360 gustandum

112 2373 297 2434 cendi
336 2374 496 2435 belli
531 2389 756 2437 auctor
792 2375 1116 2441 existebat.
1210 2378 1485 2449 Contra,
1546 2375 1658 2459 qui
1704 2397 1782 2457 ap
1911 2376 2079 2433 Bru·
2102 2369 2303 2440 “⁸5³‘’
2337 2371 2388 2408 ‘¹
2435 2386 2442 2395 ·

110 2468 234 2515 tum
273 2468 498 2529 erant,
559 2456 815 2520 levibus
861 2460 1147 2542 equitum
1189 2457 1499 2540 proeliis,
1558 2477 1722 2540 quae
1803 2473 2080 2538 rospere
2107 2429 2439 2548 ἷξῖζξὲἰᾝῖ·

110 2538 459 2608 cefferant,
508 2538 697 2610 elati,
742 2540 871 2602 nisi
908 2541 1040 2603 cito
1078 2538 1161 2601 de
1194 2559 1438 2621 summa
1477 2558 1700 2600 rerum
1787 2536 2083 2598 imicare-
2107 2566 2232 2618 mm
2249 2562 2443 2617 eun-3,

110 2630 229 2690 tur,
273 2619 474 2679 alium
514 2621 645 2681 alio.
672 2619 966 2685 abituros
996 2618 1472 2685 minitabantur.
1556 2620 1722 2698 Pars
1757 2619 1930 2682 enim
1964 2617 2085 2678 ho·
2362 2636 2374 2649 ⁴

110 2720 245 2760 rum
282 2701 491 2762 multo
531 2700 793 2764 minima
826 2694 971 2767 Itali
1013 2716 1229 2765 erant:
1289 2701 1497 2763 ceteri
1537 2700 1765 2764 domos
1804 2699 2086 2784 quisque

114 2802 289 2856 suas,
357 2802 518 2864 quas
572 2783 640 2845 iu
693 2785 939 2867 pacatis
989 2783 1195 2847 adhuc
1242 2783 1603 2866 provinciis
1646 2783 2081 2877 reliquerant,

108 2863 568 2947 respiciebant.
650 2867 809 2929 Erat
859 2880 926 2929 et
978 2867 1125 2950 ipse
1167 2869 1411 2926 Brutus
1466 2863 1543 2925 ad
1591 2861 2085 2948 periclitandam

109 2942 437 3009 fortunam
483 2948 916 3030 propensior,
975 2968 1105 3031 quo
1149 2946 1524 3009 maturrime
1564 2947 1673 3008 vel
1718 2942 2089 3012 restitueret
2143 2970 2152 2977 ·

110 3026 591 3109 rempublicam,
635 3030 741 3090 vel
774 3029 1000 3092 orbem
1034 3043 1354 3092 terrarum
1386 3023 1692 3089 molestiis
1725 3041 1914 3110 atque
1944 3022 2087 3084 bel-

109 3107 184 3168 lis
230 3109 509 3170 levaret.
606 3109 1034 3174 Adcess‘erunt
1087 3107 1447 3189 transfugia
1497 3110 1956 3171 nonnullorum
2004 3101 2087 3164 ad

108 3187 311 3252 hostes
333 3230 352 3262 ,
416 3203 484 3253 et
515 3188 668 3252 hinc
707 3195 895 3255 etiam
936 3192 1015 3257 de
1051 3193 1197 3254 aliis
1230 3188 1642 3271 suspiciones
1675 3204 1742 3251 et
1777 3188 2083 3251 criminae

112 3271 340 3352 quihus
383 3271 543 3331 moti
583 3273 651 3333 iu
693 3276 968 3337 consilio
1006 3272 1194 3335 multi
1232 3273 1582 3333 amicorum
1619 3270 1847 3344 Canii,
1907 3267 2099 3354 dam-U

107 3366 244 3413 nata
295 3353 746 3428 cunctatione,
810 3356 1000 3417 Bruti
1049 3352 1393 3417 consilium
1442 3354 1910 3435 praetulerunt.
1995 3352 2083 3411 At

107 3453 264 3496 unus
317 3455 400 3495 ex
443 3434 718 3499 cohorte
751 3437 940 3499 Bruti
978 3435 1218 3500 Atilius
1264 3432 1545 3496 hiemem
1589 3431 2088 3517 exspectandam

107 3515 441 3601 censebat:
503 3517 902 3603 eauss'annque
937 3533 1242 3601 rogatus,
1288 3519 1347 3578 Si
1383 3515 1555 3589 nihil,
1598 3516 1850 3600 inquit,
1891 3513 2083 3583 aliud,

104 3616 254 3658 tanto
299 3601 488 3658 vivam
538 3598 769 3661 diutius.
854 3604 949 3662 Ea
997 3620 1124 3663 vox
1175 3594 1454 3667 mirifice
1502 3596 1835 3681 displicuit
1880 3593 2089 3656 Gamo

105 3681 516 3761 ceterisque:
564 3679 1038 3766 decursumque
1076 3701 1156 3743 eo
1190 3678 1313 3753 est,
1361 3680 1431 3742 u‘t
1463 3677 1783 3764 posterum
1816 3677 1885 3737 in
1916 3675 2090 3739 diem

102 3781 318 3844 pugna
372 3759 771 3826 ediceretur.
869 3766 1029 3827 Eam
1073 3762 1267 3826 alacri
1299 3765 1558 3831 Brutus
1584 3760 1832 3833 animo,
1887 3758 2088 3818 multa

133 3947 247 4002 'Ga
300 3986 318 4002 .
349 3947 455 4006 lv.
491 3948 661 4004 Flor.
688 3952 743 4017 4,
771 3969 827 4015 17.
864 3951 1001 4007 Dio.
1053 3949 1299 4006 Sueten.
1335 3946 1488 4019 Aug.
1514 3948 1608 4017 96.
1657 3944 1796 4000 Dio.
1837 3941 1994 3999 Vell.
2027 3959 2085 4010 s,

100 4030 182 4082 70.
272 4016 397 4072 lor.
433 4017 572 4073 Dio.
611 4019 792 4075 Oros.
822 4021 877 4088 6,
916 4020 996 4081 18.
1042 4017 1301 4144 Asspian.
1340 4036 1401 4089 p.
1420 4017 1545 4073 653.
1618 4015 1764 4084 Cap.
1799 4015 1875 4068 V.
1925 4010 2084 4066 Plin-

99 4085 562 4212 Bigfibfflzeton.
597 4085 864 4163 Aug-91·
900 4088 1053 4149 mut.
1144 4096 1304 4158 rute,
1333 4094 1393 4146 et
1410 4085 1631 4144 Auton.
1675 4083 1832 4141 Plut.
1866 4083 2084 4139 Bruto.
