2675 4642
1136 729 1875 892 ΕΡῃΤοΜἙ

590 940 886 1050 ment
943 943 1527 1006 CENTEslm
1583 945 1963 1008 DEc1M1
2010 937 2436 1040 QUARTL

563 1168 857 1253 Bellum
898 1170 972 1236 in
1017 1168 1236 1260 Syria
1277 1169 1637 1237 Caecilius
1676 1172 1999 1255 Bassus,
2069 1189 2287 1256 eques
2331 1171 2596 1235 Romo·

418 1313 560 1363 nus
600 1296 1224 1381 Pompejanorum
1270 1300 1646 1396 partium,
1674 1296 2079 1382 excitavit,
2131 1269 2400 1369 relicto·
2428 1316 2471 1361 a
2512 1295 2598 1361 le-

489 1489 801 1548 Goecilius
813 1493 1075 1552 Bassus]
1092 1491 1178 1545 De
1196 1492 1309 1548 hoe
1327 1494 1476 1547 mul.

416 1567 476 1610 ta
507 1577 537 1612 e
571 1560 804 1614 vetustis
838 1560 1234 1631 scriptoribus
1259 1564 1387 1635 post
1412 1582 1472 1618 a·

324 1619 361 1664 ‚‘
414 1623 529 1681 lios
572 1628 808 1700 collegit
839 1628 1130 1684 Abi-amus
1167 1627 1240 1683 ad
1277 1632 1470 1686 Cicer.

415 1712 532 1765 pro
568 1698 768 1766 Dejot.
805 1698 858 1759 8,
921 1699 987 1751 In
1021 1699 1314 1754 Cicerone
1355 1701 1474 1755 fre-

418 1782 603 1836 quens
631 1771 708 1820 est
736 1767 894 1820 illius
918 1767 1163 1828 mentio.
1210 1768 1364 1824 Vide
1392 1789 1472 1824 ιι.

415 1834 626 1889 Famil.
648 1858 695 1892 1.
727 1836 832 1890 lib.
858 1857 938 1902 12,
967 1860 1047 1893 n.
1074 1847 1132 1890 et
1155 1839 1239 1892 18.
1261 1838 1368 1892 lib.
1390 1853 1473 1902 ιιι.

417 1903 495 1975 ad
519 1905 697 1958 Attio.
758 1943 772 1957 .
812 1915 869 1958 et
909 1909 987 1972 15,
1023 1909 1105 1963 13.
1138 1917 1195 1959 et
1217 1930 1298 1964 11.
1340 1908 1476 1960 Phi.

414 1971 568 2044 lipp.
591 1980 668 2030 13.
762 1973 983 2029 UBER.
1026 1976 1280 2033 Caelius
1306 1975 1474 2033 Leid.

418 2053 478 2097 et
498 2046 674 2115 Berg.
706 2044 883 2098 Male.
930 2044 1077 2099 Vide
1110 2046 1286 2099 Dion.
1327 2048 1474 2101 Cass'.

362 2127 369 2136 ¹
415 2117 504 2179 47,
525 2116 648 2177 34²·
691 2116 883 2167 Voces
914 2114 1016 2168 has
1045 2132 1220 2185 saepe
1243 2114 1478 2168 alibra-

417 2180 524 2234 riis
558 2182 940 2248 commutari,
980 2182 1154 2237 docui
1189 2201 1372 2256 supra
1405 2183 1480 2237 ad

418 2250 579 2321 Epit.
608 2269 659 2302 ιι
678 2271 722 2305 ι.
759 2253 831 2305 Et
860 2252 942 2306 ita
973 2252 1030 2305 in
1054 2254 1163 2306 hoc
1186 2254 1316 2324 ipso
1336 2255 1478 2307 Bas·

421 2337 487 2373 so
523 2331 792 2374 errarant
823 2320 975 2402 apud
1000 2321 1122 2376 Cic.
1147 2339 1260 2393 pro
1279 2322 1475 2387 Dejot.

418 2389 565 2445 8..et
591 2408 647 2453 q.
680 2388 783 2442 uhi
820 2390 934 2443 viri
971 2390 1131 2444 docti
1164 2391 1480 2447 Caecilius

415 2455 728 2528 legendum
744 2470 1116 2512 monuerunt:
1135 2458 1478 2531 quodGrae-

419 2528 552 2578 vius
575 2525 669 2580 his
690 2526 925 2597 quidem
946 2528 1004 2581 in
1025 2539 1362 2582 contextum
1386 2545 1479 2581 re·

421 2594 617 2665 cepit,
656 2606 713 2648 at
743 2595 836 2648 his
866 2595 1041 2650 etiam
1072 2608 1299 2650 mutare
1324 2595 1480 2650 obli.

423 2674 516 2717 tus
561 2664 658 2718 est.
714 2663 868 2720 Vide
918 2683 1158 2738 quoque
1201 2665 1482 2720 Perizon.

418 2731 733 2798 Animadv'.
766 2734 902 2789 Hist.
927 2740 1126 2806 capdg.
1156 2753 1292 2808 pag.
1320 2735 1439 2804 178.

492 2838 573 2894 Et
590 2837 813 2893 relicto
840 2857 877 2892 a
897 2837 1147 2910 legione
1166 2840 1312 2895 Sex.
1337 2840 1490 2895 Cae-

424 2925 587 2972 sare,
626 2925 785 2977 quae
813 2906 899 2962 ad
914 2911 1205 2970 Bassum]
1234 2916 1296 2964 et
1318 2918 1487 2963 vacat

335 2979 339 2985 ’
423 2980 563 3033 Vet.
603 2977 708 3030 lib.
760 2977 1010 3030 SIGON.
1055 2981 1186 3031 Vet.
1220 2979 1326 3032 lib.
1365 2979 1519 3059 ‘qui-

427 3045 512 3102 ad
530 3050 821 3103 Bassum.
846 3046 1188 3100 DELRIUS.
1224 3051 1484 3100 Particu-

318 3111 323 3120 ’
423 3117 483 3169 la
531 3124 594 3171 et
641 3114 933 3168 omittitur
983 3115 1160 3170 etiam
1213 3116 1273 3169 in
1315 3113 1483 3169 Leid.

425 3186 585 3239 Voss'.
623 3187 799 3257 Berg.
849 3184 995 3239 Lov.
1033 3206 1078 3246 2,
1126 3196 1184 3239 et
1218 3187 1356 3240 Exe.
1393 3184 1482 3237 Pi-

380 3280 384 3287 ·
427 3254 605 3308 thoei.
648 3257 796 3308 Tum
857 3256 924 3309 ιιί
945 3253 1311 3310 adBassum
1329 3255 1482 3308 Voss'.

431 3326 616 3379 Norv.
654 3333 711 3377 et
744 3323 816 3377 ed
865 3364 877 3377 .
917 3333 1060 3380 antt.
1098 3334 1231 3377 ante
1260 3323 1486 3377 Frobe·

430 3393 666 3447 nianam
699 3392 835 3447 anni
869 3394 1024 3448 1531.

434 3537 441 3548 ,
501 3498 896 3560 Transierat.-
922 3499 1245 3569 occisoque
1260 3516 1331 3552 eo
1343 3499 1516 3560 cae„

431 3585 540 3623 sar
554 3563 931 3637 Scipionem]
954 3567 1179 3619 Novum
1201 3564 1488 3635 principi-

432 3653 531 3687 um
569 3633 856 3687 orationis
893 3652 925 3687 a
959 3652 1108 3689 voce
1141 3638 1373 3691 Caesar
1404 3634 1491 3686 fa-

370 3715 387 3724 ‘
433 3701 704 3757 ciendum
732 3703 828 3756 est.
874 3704 1017 3758 SIG.
1065 3704 1291 3757 Volunt
1321 3705 1488 3769 haee,

435 3778 580 3832 [non
616 3772 850 3824 admiss'a
882 3790 1036 3827 nova
1056 3773 1281 3844 Sigonii
1312 3773 1490 3824 inter-

431 3840 779 3913 punctione]
819 3841 886 3893 C.
911 3843 1223 3897 Caesarem
1245 3841 1490 3894 dictato-

432 3928 558 3964 rem
582 3909 800 3964 bellum
822 3928 850 3962 a
869 3913 1034 3964 Bass'o
1056 3913 1368 3966 excitatum
1388 3927 1493 3980 op-

432 3978 708 4050 press‘iss'e‚
730 3978 926 4032 occiso
952 3982 1163 4050 Basso3
1198 3998 1389 4050 eoque
1409 3982 1486 4034 fa·

437 4057 534 4100 eto
563 4044 842 4119 deinceps
868 4048 926 4101 in
946 4048 1146 4102 Africa
1171 4050 1368 4103 viciss'e
1398 4067 1493 4103 cc-

437 4124 600 4172 teros
611 4117 1030 4192 Pompeianos.
1057 4116 1176 4194 Sed
1193 4130 1353 4174 reete
1369 4136 1495 4174 mo·

406 4255 434 4278 ψ

1544 1492 1676 1550 nuit
1704 1488 2015 1564 Sigonius,
2055 1507 2274 1545 novum
2314 1488 2595 1544 orationis

1591 1559 1908 1631 rincipium
1928 1577 1959 1611 a
1977 1576 2125 1611 voce
2143 1561 2374 1616 Caesar
2389 1558 2600 1613 facien.

1544 1581 1685 1685 Pium
1707 1631 1840 1684 effe.
1875 1626 2057 1709 Quod·
2078 1638 2273 1682 tamen
2308 1628 2446 1700 q'uia
2478 1638 2596 1680 tan-

1545 1713 1669 1755 tum
1695 1715 1807 1769 pro
1828 1706 2183 1751 auctoritate
2204 1698 2452 1763 monuit,
2485 1712 2598 1748 non

1545 1769 1770 1833 docuit,
1810 1776 1911 1819 aut
1931 1765 2232 1838 probavit,
2271 1776 2328 1818 et
2347 1782 2602 1819 commo-

1548 1838 1685 1892 dior
1697 1834 2019 1917 viglebatur
2034 1847 2200 1889 vetus
2215 1833 2503 1888 distinctio
2519 1831 2599 1885 hi-

1546 1907 1755 1962 storiae
1774 1903 2017 1978 ignaris,
2054 1902 2210 1958 dicto
2225 1902 2529 1957 audientes
2547 1918 2600 1954 a·

1545 1977 1658 2032 lios
1690 1994 1811 2029 non
1842 1973 2078 2042 habuit3
2112 1975 2489 2044 lectoresque
2515 1969 2601 2023 Li·

1546 2047 1647 2115 vii,
1687 2061 1939 2117 quorum
1970 2043 2144 2115 longe
2174 2041 2421 2094 maxima
2451 2055 2600 2112 pars,

1546 2127 1612 2171 ut
1653 2113 1906 2177 constat,
1959 2128 2077 2164 non
2113 2111 2286 2165 simul
2312 2109 2457 2182 legit
2489 2125 2602 2163 om·

1548 2185 1708 2239 nium
1730 2194 1931 2244 notas,
1969 2180 2240 2235 nihil‘vel
2275 2196 2486 2252 parum
2512 2176 2604 2230 illa

1551 2251 1958 2308 admonitione
1995 2251 2291 2326 juvantur.
2355 2248 2432 2302 Ut
2466 2261 2615 2318 erge.

1549 2321 1823 2377 historiae
1863 2337 1964 2374 sua
2009 2319 2226 2373 constet
2260 2315 2437 2383 fides,
2489 2331 2604 2368 non

1550 2391 1729 2446 modo
1760 2399 1895 2443 ante
1925 2386 1993 2441 τὸ
2015 2390 2245 2445 Caesar·
2263 2385 2605 2458 distinguen-

1553 2459 1692 2513 dum
1738 2474 1991 2523 censen,
2046 2456 2150 2511 sed
2197 2467 2256 2510 et
2302 2450 2605 2507 delendam

1552 2529 1882 2601 proximam
1917 2526 2222 2588 voculam,
2270 2520 2607 2594 legendum-

1553 2615 1687 2672 que,
1718 2594 1944 2663 relicto
1966 2614 2002 2650 a
2025 2595 2278 2667 legione
2296 2594 2442 2649 Sex.
2466 2592 2606 2646 Cae·

1551 2685 1694 2724 sare
1756 2682 1916 2736 quae
1942 2662 2029 2718 acl
2046 2668 2317 2720 Bassum
2351 2660 2608 2715 transie-

1553 2744 1677 2801 rat,
1698 2734 2044 2804 occisoque.
2067 2735 2297 2787 Caesar
2310 2730 2470 2809 Scip.
2494 2736 2604 2781 etc.

1555 2807 1779 2875 Nempe
1830 2801 1963 2857 Sex.
2013 2802 2232 2856 Caesar
2284 2798 2526 2866 relictus
2576 2811 2608 2847 a

1556 2872 1792 2947 legione
1855 2882 1912 2926 et
1974 2870 2203 2925 occisus
2259 2867 2369 2920 fuit
2429 2878 2611 2937 opera

1555 2941 1745 3010 Bass'i3
1828 2942 1913 3007 ui,
1949 2957 2021 2994 eo
2040 2938 2223 3005 facto,
2255 2935 2481 2990 bellum
2519 2950 2612 2985 ex·

1557 3010 1760 3066 citavit
1838 3008 2072 3064 ictatori
2108 3005 2378 3070 Caesari,
2438 2999 2543 3057 sed
2580 3017 2610 3052 a

1555 3079 1927 3138 Caesarianis
1947 3077 2134 3134 Statio
2152 3077 2362 3129 Murco
2382 3082 2443 3126 et
2461 3074 2613 3125 Mar-

1556 3152 1648 3205 cio
1670 3148 1886 3222 Crispo
1922 3158 2130 3201 contra
2157 3162 2287 3199 eum
2316 3140 2493 3196 millis
2514 3156 2613 3210 op-

1555 3233 1846 3293 pugnatus
1873 3216 1984 3271 fuit
2002 3253 2018 3279 ,
2057 3212 2397 3291 neutiquam
2419 3221 2613 3263 tamen

1556 3301 1692 3346 ante
1724 3303 1927 3342 necem
1948 3283 2221 3339 Caesaris
2258 3295 2487 3333 occisus
2516 3274 2618 3359 yel

1556 3355 1842 3412 mortuus:
1879 3354 2031 3408 JAC.
2046 3349 2392 3407 PERIZON.
2415 3348 2618 3399 Amm-

1557 3426 1689 3482 adv.
1734 3424 1945 3482 Histor.
1986 3440 2038 3476 e.
2066 3425 2121 3488 4.
2158 3439 2218 3491 p.
2257 3436 2374 3484 ¹77·
2402 3484 2416 3498 .
2451 3413 2617 3498 {den}

1555 3492 1903 3550 Perizonius
1924 3490 1996 3545 ad
2013 3489 2337 3563 marginem
2355 3486 2506 3539 anu
2529 3502 2619 3538 sm

1560 3561 2032 3635 fortelegendum
2051 3556 2375 3628 adscripsit,
2389 3553 2618 3610 relicto

1565 3653 1602 3689 α
1634 3633 1886 3702 legione
1916 3631 2062 3686 Sex.
2098 3630 2394 3693 Caesare3
2455 3639 2617 3705 quoe

1564 3701 1647 3758 ad
1675 3707 1948 3760 Bassum
1983 3698 2360 3756 transierat,
2412 3709 2618 3747 occtso

1562 3791 1654 3827 eo.
1698 3773 1929 3827 Caesar
1957 3779 2069 3821 etc.
2126 3765 2190 3820 Si
2221 3780 2370 3816 vero
2400 3762 2621 3815 alteru·

1562 3853 1652 3895 tra
1684 3836 2158 3893 emendationum
2194 3834 2318 3900 ejus
2346 3826 2625 3903 eligenda

1561 3912 1751 3970 soret,
1800 3905 2169 3978 praeferrem
2203 3902 2623 3983 illam,‘quam

1563 3978 1622 4032 in
1641 3973 1948 4031 Animadv.
1970 3974 2106 4029 Hist.
2125 3979 2464 4051 proposuit.
2503 3971 2627 4023 Ve.

1561 4065 1691 4102 rum
1726 4060 1917 4117 neque
1952 4060 2078 4096 eam
2108 4041 2369 4113 probare
2402 4035 2623 4103 audeo,

1539 4109 1747 4193 quod,
1783 4111 1983 4170 invitis
2014 4110 2288 4180 omnibus
2304 4106 2485 4175 Mais,
2525 4106 2623 4162 in·

2027 4227 2046 4254 k
