2675 4642
524 216 652 298 430
714 190 1125 285 Fnssm‘sn.
1147 160 2161 319 suPPLEMENToRUth
2177 216 2540 309 Lxxxlx.

529 353 1445 373 ——........--.---—--———-·--—-
1458 336 2525 378 —L—————‚-—--..-—-

174 431 248 487 U.
286 446 338 485 e.
372 445 496 501 7¹⁰·
520 448 607 514 ge
644 444 855 493 tamen
892 427 1153 512 plures,
1201 444 1399 508 quum
1433 424 1746 490 resistere
1783 410 2137 513 nequirent
2172 444 2272 493 tot
2311 430 2534 506 malie,

186 502 257 556 A·
292 499 358 555 ὓ·
390 502 481 566 4²·
524 511 928 575 deditionem
958 509 1290 571 fecerunt:
1336 507 1404 567 in
1429 509 1670 593 quibus
1695 510 2003 575 triremes
2026 513 2217 575 fuere
2243 527 2539 597 septem-

522 595 762 668 decim,
811 612 1080 678 quarum
1118 589 1405 650 omnium
1443 591 1687 654 milites
1725 592 1806 653 ad
1840 609 2307 657 sacramentum
2339 595 2547 657 Statii.

522 699 601 743 se
646 677 1143 739 transtulerunt.
1232 672 1583 746 Calvinus,
1640 696 1839 758 quum
1890 676 2044 737 olim
2092 677 2337 763 periss'e
2381 694 2540 740 cre-³

514 760 835 902 ‚deretRn
896 777 1043 819 cum
1076 773 1241 818 nave
1281 774 1395 818 sua
1428 756 1538 819 die
1575 759 1799 841 quinta
1831 758 2261 822 Brundisium
2300 779 2542 824 rever-

527 864 639 906 sus
677 861 713 903 e
768 882 787 902 .

194 972 341 1041 qma
371 972 499 1028 σω,
647 948 835 1015 X1V.·
888 944 1098 1028 Hujus
1141 947 1386 1032 proelii
1423 946 1683 1011 nunciis
1725 947 1805 1015 ad
1838 948 2182 1011 Caesarem
2217 961 2290 1027 ‚et
2326 947 2540 1023 Anto-

148 1060 317 1097 sarem
334 1044 501 1096 etAn-
529 1032 708 1093 nium
745 1031 1056 1116 perlatis,
1101 1030 1172 1091 in
1211 1052 1445 1116 magno
1484 1032 1721 1094 timore
1753 1032 2204 1095 versabantur}
2290 1030 2544 1092 Alieno

148 1114 353 1166 eonium
379 1112 499 1165 “⁶1-
526 1117 676 1177 loco
709 1114 1033 1175 habebant
1065 1111 1300 1186 castra,
1352 1135 1565 1199 neque
1597 1129 1829 1198 petere
1862 1110 2060 1175 alium
2093 1128 2269 1187 tuto,
2316 1132 2543 1196 neque

144 1182 208 1237 ὅ*
228 1191 413 1237 ‘'sn“
526 1195 797 1279 regredi
830 1197 896 1256 in
926 1195 1169 1257 ltaliam
1204 1209 1542 1279 poterant=
1589 1197 1789 1270 nihil,
1836 1212 2296 1281 praeterquam
2331 1196 2400 1256 in
2432 1215 2542 1255 ar-

525 1280 650 1341 mis
673 1321 690 1352 ,
760 1292 1104 1363 supererat
1159 1278 1344 1365 spei:
1417 1275 1929 1364 festinabantque
1992 1300 2073 1341 eo
2135 1279 2542 1350 decurrere,

573 1361 908 1445 riusquam
960 1361 1123 1421 mari
1178 1359 1524 1445 adceptum
1584 1360 2063 1439 incommodum
2124 1363 2226 1423 sui
2283 1356 2545 1444 pariter

416 1470 419 1471 ⁷
523 1384 871 1529 Eostesque
905 1442 1304 1524 cognoss'ent.
1380 1440 1534 1517 Sed,
1581 1444 1715 1516 ubi,
1760 1440 1992 1505 frustra
2020 1444 2342 1527 producta
2372 1443 2545 1517 acie,

526 1526 856 1612 proelium
896 1545 1090 1609 saepe
1130 1525 1626 1610 quaesiverant,
1671 1528 2049 1609 Brutusque
2073 1569 2090 1597 ,
2150 1527 2289 1588 suis
2331 1545 2406 1587 se
2446 1524 2551 1586 lo-

531 1609 629 1671 cis
669 1623 923 1680 tenens,
970 1608 1251 1669 arctiora
1289 1608 1389 1669 eis
1425 1604 1720 1689 quotidie
1751 1607 1966 1668 omnia
2000 1606 2355 1681 efficiebat,
2405 1606 2551 1668 col-

527 1690 658 1767 lem
700 1693 789 1752 ita
831 1689 1243 1770 conjunctum
1279 1690 1473 1753 Caffii
1518 1687 1775 1761 castris,
1839 1703 1908 1751 ut
1957 1691 2086 1753 tela
2134 1690 2292 1752 inde
2343 1688 2548 1769 adjici

529 1774 820 1858 poss’ent,
858 1785 1076 1835 noctu
1118 1786 1399 1856 quatuor
1432 1770 1806 1855 legionibus
1847 1787 2285 1856 occuparunt,
2326 1772 2553 1833 muni-

528 1871 766 1920 verunt
817 1876 920 1917 ue.
966 1854 1120 1938 inde
1160 1853 1238 1915 ad
1274 1855 1485 1938 paffus
1519 1868 1865 1917 sexcentos
1903 1852 2048 1917 aliis
2082 1852 2302 1917 castris
2331 1854 2549 1917 collo·

533 1952 762 1999 carunt
821 1938 1093 2020 egiones
1124 1935 1389 2011 decem,
1435 1951 1500 1999 et
1532 1935 1809 1999 ulterius
1851 1937 2352 2020 quingentorum
2387 1957 2544 2020 pas-

535 2041 721 2082 suum
759 2019 1106 2082 intervallo
1142 2020 1382 2083 iterum
1419 2019 1608 2081 duas:
1652 2032 1724 2107 ut
1759 2019 1848 2081 ita
1882 2020 2216 2102 paullatim
2253 2020 2332 2081 ad
2361 2038 2545 2080 mare

531 2115 995 2187 penetrarent,
1062 2114 1168 2172 et,
1229 2104 1370 2163 sive
1415 2101 1482 2162 in
1525 2101 1767 2173 litore,
1831 2101 1973 2163 sive
2027 2122 2147 2186 per
2196 2100 2551 2187 paludem,

537 2184 1148 2270 quomodocumque
1197 2182 1434 2267 effecta
1479 2184 1629 2261 via,
1698 2198 2095 2248 commeatus
2139 2182 2555 2269 interclude-

535 2282 686 2331 rent
727 2268 939 2331 Bruti.
2497 2266 2514 2284 “

194 2402 514 2472 Bmeuspu.
588 2465 594 2471 .
663 2394 808 2460 XV·
873 2396 1119 2458 Brutus
1174 2393 1491 2456 adversus
1542 2392 1706 2457 haec
1752 2407 1891 2457 tum
1940 2394 2062 2457 alia
2113 2390 2553 2462 moliebatur,

159 2489 334 2554 8⁸9²·ss
365 2472 480 2538 sta·
538 2492 675 2540 tum
727 2474 978 2538 castella
1023 2477 1280 2538 idoneis
1324 2478 1494 2538 locis
1535 2476 1906 2560 frequentia
1951 2477 2344 2560 opponebat.
2427 2473 2558 2534 sed

161 2553 298 2598 ‘¹⁴⁸¹’
536 2579 674 2621 non
724 2572 863 2621 erat
911 2560 1080 2621 ultra
1130 2560 1498 2623 tolerabilis
1550 2560 1718 2642 apud
1763 2557 2006 2622 hostem
2053 2560 2292 2621 fames:
2358 2555 2557 2635 cuius

542 2642 891 2726 impatiens
928 2641 1333 2702 auxiliarium
1378 2643 1852 2703 Germanorum
1893 2664 2117 2703 manus
2158 2642 2237 2702 ad
2269 2643 2561 2700 Brutum

594 2723 864 2807 erfugit.
948 2722 1204 2785 Idcirco
1247 2723 1425 2809 legio
1466 2745 1588 2785 una
1627 2723 1697 2784 in
1729 2724 2034 2807 Achajam
2074 2724 2251 2786 milla
2290 2720 2402 2795 est,
2451 2720 2563 2782 fe-

542 2747 859 2870 iiinanter
887 2806 967 2867 ad
1000 2805 1363 2867 exercitum
1397 2805 1710 2878 delatura,
1755 2806 2080 2892 quidquid
2109 2805 2363 2889 corripi
2394 2822 2563 2887 pos-

544 2903 687 2952 sett
740 2900 995 2951 ceteras
1036 2887 1348 2951 continuo
1390 2902 1643 2971 paratas
1682 2890 1764 2951 ad
1800 2890 2119 2975 proelium
2159 2888 2559 2958 habuerunt,

548 2991 962 3057 quocumque
991 2971 1248 3034 tandem
1279 2970 1477 3032 modo
1501 2974 1772 3032 Brutum
1804 2972 1881 3033 ad
1910 2970 2388 3035 conserendum
2419 2990 2561 3029 ma-

548 3076 674 3133 nus
712 3054 1089 3116 adtracturi.
1174 3052 1309 3115 Sed
1348 3053 1511 3113 nihil
1553 3054 1784 3115 melius
1825 3056 2006 3117 cessit
2040 3054 2323 3126 libellis,
2384 3071 2562 3136 quos

546 3140 716 3201 clam
769 3137 836 3197 in
879 3134 1074 3198 castra
1113 3137 1304 3197 Bruti
1348 3135 1826 3215 jaculabantur,
1890 3134 2173 3198 transire
2218 3136 2297 3196 ad
2342 3155 2415 3195 se
2455 3133 2564 3209 iu-

549 3221 786 3283 bentes
822 3220 1205 3302 ‘exercitum
1232 3261 1250 3291 ,
1321 3217 1721 3301 ampliffimis
1777 3219 2156 3303 propositis,
2194 3216 2559 3302 praemiis;

552 3316 700 3373 aut,
762 3301 819 3363 si
866 3302 1023 3384 quid
1071 3301 1389 3362 haberent
1431 3301 1703 3374 virium,
1768 3304 1974 3384 signis
2019 3302 2274 3363 collatis
2318 3300 2563 3360 decer-

553 3406 740 3447 nere.
825 3389 984 3446 Nam
1028 3385 1134 3445 his
1171 3383 1420 3445 artibus
1460 3383 1791 3462 sollicitati
1827 3384 2120 3464 Deiotari
2161 3383 2288 3443 dux
2319 3385 2570 3462 Amyn,

490 3504 493 3507 -
556 3481 691 3540 tae,
741 3480 808 3529 et
836 3467 1153 3528 Thraciae
1191 3467 1459 3547 regulus
1493 3465 1927 3550 Rhascupolis
1974 3462 2054 3528 ad
2089 3464 2302 3526 hostes
2340 3478 2565 3524 trans-

556 3548 820 3613 ierunt:
884 3549 996 3609 alii
1038 3548 1481 3630 Rhascupolin
1533 3548 1755 3610 abiiss'e
1807 3548 2069 3610 domum
2122 3545 2562 3617 tradiderunt.

557 3632 648 3695 At
687 3636 970 3705 Brutus,
1027 3630 1156 3692 hoc
1203 3650 1363 3692 casu
1414 3650 1647 3713 aeger,
1710 3631 2127 3715 pluriumque
2176 3641 2566 3712 suspectans

610 3712 934 3784 erfidiam,
984 3713 1064 3775 ad
1103 3713 1264 3776 haec
1297 3714 1574 3775 militum
1613 3715 2154 3797 tribunorumque
2191 3710 2568 3795 frequenti-

557 3735 684 3858 Ηυξ
731 3797 1021 3881 querelis
1068 3796 1148 3859 ad
1229 3796 1598 3880 ugnandum
1630 3797 1975 3873 incitatus,
2067 3792 2346 3857 roelium
2381 3812 2565 3854 com-
2669 3806 2670 3811 ’

560 3881 824 3942 mittere
871 3878 1117 3957 statuit,
1177 3819 1351 3942 iiaud
1399 3877 1603 3941 dubie
1658 3880 1972 3942 ducturus
2073 3878 2307 3951 ellum,
2374 3875 2434 3937 si
2476 3873 2566 3938 do

610 4083 780 4167 pap.
812 4084 970 4166 xiv,
1010 4050 1166 4166 Ϊὶίρ.
1206 4084 1365 4140 Plut.
1401 4048 1661 4149 Appiam
1712 4072 1852 4131 Dio.
1890 4073 2150 4148 Appian-
2239 4075 2389 4147 Cap·
2426 4071 2564 4155 XV·

555 4152 699 4210 Duo.
735 4154 993 4228 Appiam
1035 4155 1179 4213 Dio.
1213 4154 1372 4211 Plut-
