2675 4642
591 267 674 347 78
751 261 1164 328 FREINSH.
1193 254 2046 347 SUPPLEMENTORUM
2070 246 2543 328 L1fi.LxxV1.

1613 386 1645 408 ..l-

257 475 326 532 (L
360 493 414 531 ο·
442 477 568 545 704·
599 487 846 541 cerent.
924 477 1086 537 Nam
1111 514 1128 543 ‚
1178 469 1349 532 sicut
1372 470 1491 531 *illi
1528 490 1705 532 mare
1729 513 1760 543 ‚.
1790 471 1880 534 ita
1913 472 2157 532 terram
2202 472 2268 532 in
2308 468 2598 555 potesta-

254 548 327 606 A⁹
367 549 436 602 C·
465 547 555 614 48·
600 573 664 622 te
693 561 930 620 Caesar
954 554 1269 629 habebam
1310 550 1821 637 stationibusque
1852 575 1976 636 per
2004 553 2196 614 litora
2223 553 2601 637 dispositis,
2639 618 2642 619 γ

600 662 732 703 non
766 637 1079 722 aquandi,
1140 655 1273 695 non
1301 632 1631 717 lignandi,
1690 654 1773 696 ne
1811 635 2137 717 religandi
2169 636 2434 719 quidem
2476 656 2603 695 na-

275 734 359 787 M.
376 733 578 793 Bibuli
600 744 717 786 ves
756 721 1124 783 facultatem
1159 710 1370 777 dabat.
1454 715 1639 783 Unde
1680 730 1747 778 et
1780 722 1868 778 Μ.
1908 716 2219 790 Bibulus,
2280 738 2474 800 quum
2515 717 2608 797 5¹¹,

225 818 394 859 ΜΝ·
502 814 505 815 ’
603 823 865 866 summo·
888 801 1145 883 frigore
1187 812 1254 860 et
1289 797 1513 880 inopia
1546 817 1669 880 per
1701 800 1941 862 multos
1976 798 2150 869 dies,
2209 808 2604 882 quamquam

207 900 215 918 ¹
280 884 295 892 “
566 894 882 968 'corpore
926 901 1163 965 aeger,
1229 879 1706 940 discederesex
1751 882 2023 941 navibus
2069 881 2310 949 nollet,
2374 898 2607 964 neque

546 962 553 971 ⁶
599 969 693 1029 ibi
732 963 947 1027 curari
980 963 1227 1047 poss'et,
1271 976 1474 1024 aucto.
1498 959 1790 1034 morbo,·
1814 962 1986 1025 diem
2027 983 2209 1030 suum
2241 960 2432 1024 obiit.
2520 966 2607 1022 ln.

600 1050 738 1130 ejus
779 1048 994 1108 locum
1036 1044 1352 1111 suffectus
1390 1040 1476 1104 est
1510 1062 1740 1105 nemo:
1804 1046 1920 1107 sed
1968 1045 2243 1127 singulis
2289 1044 2607 1106 clastibus

601 1128 963 1214 praepositi
998 1147 1116 1189 suo
1155 1147 1263 1188 eas
1296 1125 1574 1201 arbitrio
1610 1127 1947 1209 regebant.

122 1330 129 1339 ζ
208 1254 212 1267 '
292 1265 633 1340 Pompeius-2
725 1252 897 1326 XVI.
952 1265 1209 1322 Interea
1253 1257 1328 1315 L.
1372 1255 1744 1331 Vibullius,
1803 1258 1916 1341 qui
1958 1256 2249 1319 mandata
2291 1259 2606 1321 Caesaris

222 1336 288 1390 δ’
308 1353 440 1408 paee
458 1348 576 1418 m!-
604 1343 974 1428 exponendi
1013 1341 1217 1403 otium
1259 1337 1544 1399 nondum
1585 1342 1799 1401 fuerat
1833 1355 2090 1413 nactus,
2138 1362 2281 1403 cum
2311 1346 2610 1423 Pompe-

224 1418 376 1458 ιη’*
428 1405 574 1457 “a'‘
599 1428 665 1510 jo
702 1422 899 1510 agere
931 1420 1224 1486 instituit.
1283 1421 1371 1505 At
1403 1421 1514 1482 ille
1546 1421 1917 1497 interfatus,
1962 1424 2126 1505 Qid
2158 1422 2309 1496 mihi,
2352 1423 2603 1505 inquit,

220 1487 448 1544 ‘'mm''
600 1529 699 1569 aut
728 1514 878 1579 vita,
925 1527 1025 1566 aut
1059 1508 1281 1564 civitate
1320 1520 1456 1582 opus
1491 1506 1586 1580 est,
1637 1524 1796 1585 quam
1829 1507 2078 1581 beneficio
2111 1504 2361 1585 Caesaris
2394 1507 2606 1564 nubere

598 1588 827 1659 videbor
846 1590 874 1647 ζ(
936 1589 1105 1667 cujus⁴
1131 1588 1214 1644 rei
1254 1587 1434 1671 ορίηιίι1
1474 1585 1599 1643 tolli
1633 1606 1742 1644 non
1775 1590 2016 1666 poterit,
2058 1607 2221 1663 quum
2251 1593 2309 1646 in
2339 1584 2602 1659 Italiam,

602 1694 674 1732 ex
699 1691 806 1752 qua
832 1669 1111 1751 profectus
1124 1665 1273 1745 sum,
1316 1666 1575 1724 reductus
1601 1666 1968 1743 exzstimabor.
2043 1668 2236 1743 Bello
2263 1667 2603 1749 perfecte,

601 1756 843 1817 Caesar
890 1751 1051 1812 haec
1096 1748 1268 1808 dicta
1315 1747 1625 1828 cognovit
1664 1748 1743 1810 ab
1781 1749 1903 1820 iis,
1965 1749 2078 1833 qui
2120 1749 2608 1831 interfuerant:

591 1835 1042 1898 'interfuerunt
1084 1842 1297 1891 autem
1340 1828 1723 1891 Scribonius
1760 1831 1966 1901 Libo,
2011 1834 2088 1895 L.
2127 1832 2479 1910 LiiccejuS,
2534 1844 2611 1894 et

602 1919 891 2000 scriptor
918 1912 1322 1975 historiarum
1348 1910 1808 1994 Theophanes,
1840 1913 2225 1997 quibuscum
2254 1935 2363 1974 res
2393 1914 2611 1973 maxi-

598 2021 736 2062 mas
770 1996 1245 2061 communicare
1277 1995 1632 2076 Pompejus
1674 2010 2121 2058 consueverat.
2167 1996 2297 2061 Sed
2327 2009 2461 2056 tum
2499 2009 2613 2055 et-

597 2082 728 2149 iam
775 2082 903 2143 alio
942 2079 1237 2140 facinore
1276 2076 1672 2159 Pompejani‘
1702 2075 2197 2141 declaraverunt
2233 2097 2535 2145 aversam
2573 2099 2614 2138 a

653 2184 763 2227 ace
802 2163 1221 2237 voluntatem.
1293 2157 1540 2220 Crebra
1581 2157 1757 2220 inter
1795 2160 2037 2221 milites
2082 2160 2408 2242 utrimque
2452 2160 2609 2220 col-

600 2187 823 2331 foquia
848 2235 1108 2315 fiebant,
1154 2239 1413 2301 modico
1452 2238 1873 2303 interfluente
1914 2261 2119 2302 amne.
2185 2262 2264 2302 eo
2300 2244 2374 2300 P.
2405 2241 2606 2305 Vati-

602 2329 783 2401 nium
802 2325 996 2387 mittit
1012 2326 1271 2395 Caesar,
1289 2322 1401 2405 qui
1423 2342 1648 2406 magna
1667 2343 1831 2385 voce
1856 2324 2114 2406 saepius
2134 2324 2608 2406 proclamaret,

601 2411 891 2471 Liceretne
926 2407 1136 2473 ‚civibus
1173 2406 1248 2463 ad
1279 2427 1419 2464 czves
1454 2404 1656 2485 legatos
1692 2406 1760 2464 de
1791 2424 1920 2487 pace
1948 2411 2167 2464 mittere
2190 2405 2214 2478 ‚'
2254 2405 2401 2484 quod
2424 2421 2604 2486 prae..

592 2491 824 2552 donibus
850 2510 907 2549 et
918 2487 1187 2571 fugitivis
1204 2484 1475 2567 licufft?
1508 2488 1923 2569 Responsum
1944 2485 2031 2548 est
2055 2487 2132 2547 ab
2154 2489 2353 2548 altera
2378 2501 2602 2569 parte,

593 2574 671 2634 A.
710 2574 1016 2636 Varronem
1060 2568 1269 2653 postero
1322 2570 1413 2628 die
1467 2570 1542 2627 ad
1582 2570 1905 2648 cotloquz'um
1951 2590 2263 2628 venturum.
2350 2570 2606 2650 Agitur

593 2674 719 2715 una
757 2654 950 2715 etiam
985 2651 1179 2713 utrim
1230 2670 1355 2725 ue,
1401 2648 1936 2735 quemadmodum
1986 2664 2125 2712 tuto
2169 2650 2368 2732 legati
2403 2651 2607 2711 veni-

593 2754 711 2810 re,
760 2748 862 2807 et,
909 2754 1072 2818 quae
1107 2737 1391 2807 velent,
1439 2752 1768 2816 exponere
1813 2732 2087 2816 poss'ent.
2174 2732 2340 2801 Sed,
2391 2753 2606 2813 quum

592 2816 662 2878 in
703 2816 1112 2879 constitutum
1149 2817 1366 2877 locum
1400 2817 1474 2877 P.
1508 2814 1808 2878 Vatinius
1847 2814 2160 2887 venisset,
2221 2828 2289 2876 et
2324 2833 2475 2874 cum
2514 2833 2606 2875 eo

588 2898 777 2982 loqui
810 2903 889 2960 T.
923 2898 1247 2959 Labienus
1286 2895 1636 2979 coepiss'et,
1683 2915 1762 2956 ex
1790 2895 2152 2980 improviso
2184 2898 2309 2958 tela
2340 2894 2497 2956 sunt
2528 2896 2608 2955 in

590 2980 1270 3061 Vatiniunrconjecta:
1314 2998 1481 3063 quae
1512 2977 1646 3052 ille,
1692 2977 1969 3041 militum
2001 2979 2196 3039 armis
2224 2990 2605 3061 protectus,

591 3063 845 3127 vitavit.
915 3062 1333 3125 centuriones
1387 3061 1636 3143 aliquot
1684 3061 2058 3144 militesque
2100 3060 2398 3141 Caesaris
2445 3060 2610 3119 vul-

592 3146 805 3207 nerati
849 3159 1028 3218 sunt,
1080 3144 1474 3206 exclamante
1517 3141 1809 3203 Labieno
1831 3184 1848 3214 ‚
1912 3144 2161 3222 Definite
2188 3163 2315 3224 ergo
2340 3142 2409 3198 de
2441 3160 2604 3199 com-

591 3229 851 3311 positione
878 3230 1048 3307 loqui.
1104 3246 1229 3286 nam
1256 3225 1408 3285 nobis
1427 3266 1452 3297 ,
1481 3228 1585 3304 ng’lz'
1608 3223 1782 3284 relato
1805 3222 2055 3305 Caefhris
2088 3228 2295 3305 capite,
2335 3238 2451 3302 pax
2489 3220 2608 3304 effi

597 3309 755 3370 nulla
785 3311 982 3391 potest.
1016 3364 1023 3373 .
1056 3319 1061 3325 “
1475 3348 1479 3353 -
2125 3360 2132 3371 ,

259 3421 575 3481 M..00e11·us
632 3470 635 3479 ,
719 3414 923 3477 xvn.
969 3413 1207 3477 Iisdem
1243 3412 1652 3497 temporibus
1685 3414 1930 3487 Romae
1965 3413 2054 3471 M.
2080 3409 2346 3473 Coelius
2372 3409 2608 3474 Rufus

211 3506 458 3574 rfsnovas
470 3509 570 3543 ”⁸⁰-
595 3511 865 3583 praetor
895 3516 1205 3558 novarum
1238 3516 1460 3557 rerum
1489 3494 1823 3555 materiam
1855 3493 2226 3575 quaerebat,
2252 3512 2388 3552 non
2409 3513 2609 3553 amo..

210 3562 354 3615 ''⁰‘'
363 3559 573 3613 Rm‘u‘
596 3602 670 3642 re
711 3579 1117 3664 reipublicae
1142 3620 1169 3650 ,,
1204 3591 1310 3638 aut
1357 3576 1534 3660 quod
1575 3576 1850 3658 aequum
1898 3575 2026 3637 effe
2053 3618 2069 3646 ‚
2117 3572 2294 3658 quod
2333 3573 2603 3656 agebat,

596 3660 937 3732 crederet,
987 3660 1104 3721 sed
1139 3658 1372 3721 dolore
1413 3671 1603 3741 atque
1639 3657 2086 3741 indignatione
2121 3669 2368 3724 motu5‚
2417 3654 2609 3719 sicut

488 3750 497 3775 ’“
592 3743 739 3838 ipse
781 3742 1148 3805 confitetur.
1215 3742 1432 3803 Homo
1469 3752 1607 3803 erat
1640 3740 1907 3822 eloquio
1940 3741 2284 3821 animoque
2311 3737 2606 3801 Curioni

568 3825 965 3886 -sxmillimus
985 3867 1003 3898 ,
1044 3822 1225 3903 cujus
1258 3823 1451 3885 etiam
1481 3823 1800 3904 pellectus
1824 3821 2136 3901 amicitia,
2180 3833 2245 3881 et
2270 3818 2426 3879 odio
2452 3819 2605 3903 Ap-

590 3907 686 3990 pii
710 3948 727 3977 ,
788 3927 979 3991 quem
1024 3906 1271 3968 sciebat
1308 3906 1374 3967 in
1412 3903 1699 3967 diversis
1740 3904 2037 3988 partibus
2074 3904 2261 3976 fore,
2309 3900 2391 3963 ad
2421 3903 2606 3976 Cae-

582 4082 589 4095 ’
665 4093 989 4165 eap.xV1.
1030 4049 1271 4162 Strabo,
1295 4092 1337 4146 l.·
1364 4093 1448 4149 13.
1482 4112 1537 4166 p.
1561 4060 1688 4163 617.
1711 4101 1770 4146 et
1789 4064 1952 4146 alibi.
1990 4092 2159 4147 Caes.
2230 4092 2609 4164 oap'.xvn.

590 4164 719 4239 Lir.
742 4164 902 4239 Epit.
940 4164 1247 4236 Dio,l.42.
1294 4163 1444 4223 Ven.
1468 4163 1633 4236 2‚68.
1673 4163 1844 4220 Caes.
1889 4160 2015 4220 Cic.
2049 4159 2379 4233 adFam.8,
2407 4179 2501 4234 ²7·

1475 4378 1480 4407 l
