2675 4642
464 260 554 324 m
591 257 898 324 Loctm
942 258 1109 323 Lm.
1155 258 1436 325 cxxm.
1484 262 1713 330 mvn.
1966 263 2089 342 423

175 394 395 415 m

137 470 245 554 pit.
331 470 459 532 Siti
497 485 645 533 suut
679 471 746 532 in
777 469 946 531 colle
973 466 1289 552 Philippi,
1333 483 1666 554 totumque
1698 472 1767 534 id
1801 475 2095 556 spatium,
2157 473 2228 530 U.
2249 493 2446 545 euno.

138 550 301 634 quod
334 553 405 613 in
441 573 690 614 summo
720 550 1059 637 panditur,
1106 565 1457 633 occupant,
1510 556 1882 639 praeruptis
1924 557 2098 619 circa
2158 542 2232 599 Α·
2257 546 2323 602 0·
2349 550 2441 615 4²·

139 645 316 715 atque
353 633 688 697 inaccess'is
726 632 1047 696 omuibus.
1131 633 1189 693 A
1237 635 1685 715 septentrione
1739 638 1936 700 saltus
1987 638 2101 699 ad·

137 711 375 793 jacent,
438 737 562 799 per
596 737 757 800 quos
789 713 1110 777 Cafl'ianos
1144 714 1576 798 Rhascupolis
1618 712 1831 780 duxit:
1894 743 1928 781 a
1963 740 2101 781 me·

137 793 299 857 ridie
340 799 560 876 palus,
618 796 857 860 deinde
897 816 1073 857 mare
1114 796 1503 878 praecingit.
1585 799 1833 860 Versus
1881 801 2103 863 or'ien-

136 884 253 938 tem‘
284 879 682 962 Sapaeorum
710 876 1259 962 Turpilorumque
1296 876 1614 960 angustiae
1653 880 1994 945 claudunt:
2037 896 2102 945 at

139 958 533 1022 occidentale
585 962 748 1023 latus
792 972 1087 1046 patentes
1133 979 1398 1042 campos
1441 962 1801 1043 prospicit,
1870 964 1980 1048 qui
2020 963 2101 1025 ad

139 1042 493 1103 Murcinum
532 1043 1085 1124 Drabiscumque,
1133 1056 1199 1102 et
1237 1040 1502 1102 fluvium
1545 1043 1878 1123 Strymona
1904 1087 1922 1118 ,
1977 1066 2102 1143 per

139 1138 407 1262 quatuor
445 1136 513 1185 et
551 1125 969 1208 quadraginta
1004 1123 1205 1184 millia
1242 1123 1521 1205 pass‘uum
1545 1123 1799 1208 ‘declivi
1834 1128 2102 1209 planitie

170 1205 533 1273 unduntur,
593 1207 979 1271 amoenitate
1019 1218 1084 1266 et
1119 1203 1458 1266 fertilitate
1494 1210 1616 1266 tam
1656 1207 1985 1291 insignes,
2030 1222 2102 1273 ut

139 1281 413 1359 feceriut
453 1287 690 1350 sabulis
724 1289 960 1349 locum.
1042 1290 1202 1350 Nam
1260 1299 1326 1348 et
1374 1285 1525 1349 huic
1572 1288 1830 1371 regioni
1878 1303 2100 1373 raptus

140 1365 526 1430 adscribitur
569 1369 1043 1453 Proserpinae,
1108 1367 1512 1450 trahiturque
1551 1368 1619 1449 in
1657 1385 2100 1452 argumentum

139 1450 440 1531 Zygactes
490 1453 728 1525 amnis,
788 1450 941 1513 inde
985 1449 1239 1512 scilicet
1281 1448 1552 1532 adeptus
1594 1472 1867 1524 nomen,
1926 1450 2103 1536 quod

138 1531 199 1592 in
231 1531 509 1609 trajectu
545 1533 717 1611 ejus,
771 1532 925 1615 jugo
962 1532 1292 1617 disrupto,
1358 1529 1602 1592 fractus
1639 1535 1918 1615 raptoris
1952 1554 2102 1595 cur-

137 1633 239 1673 rus
268 1612 495 1675 fuerit.
583 1614 671 1675 Hi
714 1628 860 1676 sunt
886 1614 1214 1695 Philippi,
1266 1611 1380 1674 ubi
1407 1616 1497 1673 M.
1527 1616 1767 1674 Brutus
1800 1628 1992 1697 atque
2024 1617 2100 1677 C.

139 1694 370 1756 Gallius
429 1695 588 1757 victi
644 1706 827 1758 sunt=
893 1692 1256 1780 longiss'imo
1315 1691 1619 1777 dirempti
1674 1694 2016 1757 intervallo
2067 1719 2104 1759 a

138 1774 457 1860 Philippis
490 1777 841 1840 Theffaliae
865 1819 881 1850 ‚
941 1799 1104 1876 quos
1144 1797 1286 1837 cum
1317 1775 1421 1836 his
1451 1775 1785 1839 'Phracicis
1824 1778 2103 1861 scripto-

139 1878 238 1920 res
268 1859 532 1942 quidam
567 1860 729 1921 mira
765 1874 1114 1922 securitate
1154 1857 1609 1919 confuderunt.
1691 1859 1911 1941 Prope
1954 1878 2102 1921 eos-

134 1939 273 2002 dem
305 1941 654 2024 Philippos
691 1942 854 2003 alius
889 1960 1148 2025 quoque
1185 1941 1466 2023 tumulus
1495 1937 1603 2012 est,
1648 1961 1682 1999 a
1711 1939 1955 2003 Libero
1988 1963 2102 2023 pa-

133 2036 228 2084 tre
280 2023 675 2105 adpellatus,
735 2025 804 2087 in
852 2044 981 2108 quo
1031 2035 1178 2087 sunt
1228 2021 1516 2083 aurariae
1563 2018 1850 2084 fodinae.
1932 2021 2102 2106 Asyla

134 2119 465 2167 vocantur.
2167 2112 2172 2121 '

247 2261 509 2321 XXXII.
556 2258 686 2325 Sed
716 2257 801 2322 'ad
829 2259 1109 2342 paffuum
1132 2259 1342 2322 fenne
1385 2256 1513 2323 duo
1553 2258 1753 2322 millia
1790 2257 2099 2324 ducentos
2160 2265 2439 2325 cassianis

130 2364 163 2403 a
177 2341 507 2426 Philippis
527 2341 908 2428 procedenti
929 2339 1056 2405 duo
1074 2342 1183 2402 alii
1203 2342 1406 2404 colles
1432 2355 1801 2415 occurrunt,
1823 2341 2098 2406 invicem
2122 2353 2365 2412 put-quam
2380 2352 2472 2408 ⁰7·

133 2424 307 2499 mille
344 2424 626 2508 pastibus
666 2424 932 2485 discreti
957 2465 975 2491 ,
1039 2424 1150 2485 ubi
1186 2421 1381 2485 castra
1419 2422 1678 2489 diversi·
1702 2438 2094 2507 posuerunt,
2124 2420 2401 2480 ‘’mm‘'-

133 2506 370 2568 camus
403 2506 471 2566 in
498 2505 868 2578 meridiem,
911 2508 1155 2567 Brutus
1190 2506 1256 2567 in
1289 2506 1767 2590 septentriones
1803 2528 1830 2567 s
1882 2520 2099 2570 ectan-

130 2603 252 2650 tem
303 2591 619 2651 tumulum
671 2589 837 2655 vallo
890 2600 1300 2671 occupantes.
1383 2593 1518 2652 Nec
1558 2589 1723 2650 ultra
1760 2606 1834 2649 ce
1884 2602 2100 2651 entem

131 2689 268 2732 cum
300 2670 578 2733 ,Iulianis
603 2669 970 2733 Norbanum
1007 2668 1356 2753 insequuti,
1397 2670 1751 2732 Antonium
1783 2669 1949 2747 locis
1979 2689 2098 2754 op..

127 2750 594 2835 portuniffimis
635 2752 927 2835 opperiri
968 2749 1452 2814 constituerunt.
1548 2757 1873 2835 Namque,
1936 2753 2098 2815 Cae-

129 2851 269 2894 sare
311 2828 704 2895 valetudinis
749 2833 951 2895 cauffa
976 2830 1364 2913 Dyrrhachii
1407 2832 1681 2905 relicto,
1723 2833 1882 2893 mira
1921 2832 2094 2896 cele-

129 2914 320 2975 ritate
375 2913 675 2977 advolare
715 2914 1035 2978 Antonius
1088 2914 1457 2976 dicebaturz
1520 2934 1644 2977 nec
1685 2914 1896 2997 optari
1936 2915 2099 2978 situs

130 2995 534 3057 commodior
568 2996 869 3059 Caffianis
904 3010 1178 3080 poterat.
1234 2998 1372 3057 sive
1411 2995 1580 3057 enim
1614 2994 1869 3076 proelio
1901 3016 2100 3079 cupe-

124 3092 271 3139 rent
294 3077 632 3157 congredi,
680 3091 968 3163 patentes
995 3078 1199 3162 campi
1225 3077 1561 3140 suberantz
1608 3076 1744 3137 sive
1777 3075 1993 3138 castris
2025 3098 2098 3140 se

125 3172 352 3220 tenere
376 3203 395 3229 ,
437 3161 598 3222 locis
634 3158 1225 3242 munitionibusque
1260 3157 1793 3220 defendebantur.
1878 3159 2098 3220 Colles

125 3241 253 3324 ipsi
298 3240 610 3304 difficiles
647 3241 962 3304 adscensu
1003 3257 1217 3303 erantt
1277 3253 1344 3302 et
1384 3240 1461 3300 ab
1499 3241 1703 3301 altero
1742 3239 1942 3301 latere
1983 3261 2098 3337 pa-

124 3322 423 3394 ludibus,
457 3325 533 3385 ab
563 3325 767 3386 altero
797 3324 1134 3406 imperviis
1156 3322 1620 3405 inacceffisque
1644 3319 1934 3383 faucibus
1956 3341 2096 3382 cm·

124 3405 466 3484 gebantur.
545 3404 829 3471 Medium
873 3407 1046 3467 inter
1080 3419 1393 3488 utrosque
1433 3403 1702 3488 spatium
1739 3401 2095 3465 necessario

127 3486 593 3547 transeundum
636 3501 774 3550 erat
808 3488 1031 3569 Asiam·
1067 3505 1147 3546 ex
1173 3491 1437 3571 Europa
1470 3483 1874 3569 petentibus:
1922 3482 2097 3568 quod
2291 3524 2310 3569 Ἰ

121 3582 402 3651 propter
452 3569 860 3651 exiguitatem
907 3568 1131 3630 claudi·
1160 3569 1340 3631 velut
1378 3583 1563 3651 porta
1601 3564 1871 3652 quadam
1909 3580 2098 3651 pote—

122 3662 244 3709 rat.
330 3655 471 3712 Nec
517 3650 874 3713 omiserunt
906 3651 1178 3713 Cass'iani
1193 3672 1211 3726 3
1273 3650 1427 3724 sed,
1483 3663 1919 3712 transversum
1957 3669 2099 3709 mu-

6 3694 9 3767 s·
118 3750 266 3790 rum
301 3732 653 3816 foss'amque
687 3732 994 3796 ducentes
1030 3755 1064 3797 a
1093 3734 1263 3795 vallo
1296 3731 1376 3793 ad
1407 3733 1673 3803 vallum.
1735 3730 1984 3793 1'0130238
2029 3731 2098 3792 5¹¹

120 3812 344 3875 medio
380 3816 626 3898 portis,
672 3815 761 3877 ita
792 3814 1250 3895 conjunxerant
1281 3812 1508 3891 castra,
1555 3826 1627 3876 ut
1653 3812 2098 3875 communibus

191 4005 338 4071 Cap.
371 4003 579 4085 XXXI..
615 4001 868 4057 Diodor.
900 4002 946 4057 l.
977 4004 1061 4060 16.
1100 4003 1354 4078 Appian.
1388 3999 1619 4073 Lipsius
1654 4000 1728 4056 ad
1753 4001 1909 4085 qu·
1930 4017 1983 4065 η,
2003 4014 2095 4083 70.

116 4069 1176 4231 sssstffutsssssstssffzsssssst'tnzzqffi,
1201 4070 1916 4217 ,35333‘ffi3131'¹²¹¹·
1953 4073 2112 4168 ¹²¹⁰·-

1941 4268 1990 4317 Ο

2061 4345 2106 4387 0
