2675 4642
1419 69 1437 92 X

599 224 720 291 ⁶8ss
799 190 2058 289 FRE1NSH.SUPPLEMENToRu-u
2088 218 2245 280 Lm.
2265 197 2504 278 xmx.

265 433 404 488 [Le.
429 434 554 503 ¹723.
603 446 665 494 et
700 437 921 494 toliere
956 434 1158 493 malos
1193 436 1286 504 ei,
1323 451 1510 508 quam
1546 430 1793 509 efficere
1821 429 2042 498 bonos,
2080 427 2293 484 multo
2322 435 2423 483 est
2448 446 2580 501 pro-
2654 467 2660 480 .

263 504 424 561 A.c.
450 521 540 575 29.
604 508 847 563 clivius.
922 507 1002 559 At
1033 504 1175 573 illa,
1217 522 1403 577 quam
1430 504 1768 578 praecipio,
1807 500 2037 554 lenitas
2071 495 2363 580 incidere
2398 498 2468 552 in
2494 505 2578 552 ta·

604 577 697 631 lia
747 576 1007 646 ingenia
1050 577 1287 645 potest,
1347 590 1503 645 quae
1540 573 1740 628 Latere
1775 568 1930 623 vitia
1967 585 2081 623 sua
2117 564 2575 633 existimando,

603 650 719 702 aut
754 647 946 700 etiam
983 639 1300 696 moderate
1334 636 2043 714 castigatasentiendO,
2093 637 2336 691 iterum
2374 652 2577 705 pecca-

599 732 667 768 re
703 712 970 783 pudeat.-
1007 708 1251 773 eadem,
1285 701 1633 783 publicatis.
1663 704 1915 782 delictis
1948 704 2102 773 suis,
2141 712 2264 759 aut
2292 702 2577 758 acerbius
2658 739 2659 780 1

600 776 1335 853 punists,verecunclian2
1371 783 1721 850 metumque
1757 773 2086 843 ainciant„
2124 781 2211 840 et,
2251 780 2574 843 tamquam
2658 793 2659 834 3

599 850 862 924 gravius
893 845 1369 915 nihilpassura,
1391 844 1652 917 frenum
1680 840 2135 910 cupiditatibus
2155 840 2415 897 laxent.
2446 839 2575 894 Hac
2658 843 2659 870 Τ

603 936 721 991 ego
770 927 830 987 te
881 913 1307 984 moderatione
1332 911 1519 988 fcirca
1557 913 1791 972 delicta
1825 910 2145 966 hominnm
2185 910 2470 977 vers-'ari3
2515 913 2579 962 at

603 985 887 1041 eumdem
919 985 989 1040 in
1024 983 1520 1050 ornandisrecte
1543 983 1743 1056 factis
1778 977 2183 1036 immodicum.
2218 976 2577 1048 profusum·
2658 999 2659 1058 }

607 1072 722 1129 que
758 1053 915 1112 uolo.
956 1055 1117 1112 Nam
1152 1060 1224 1116 ut
1256 1053 1347 1109 ibi
1376 1046 1856 1108 mansuetudine
1892 1055 2003 1102 tua
2038 1043 2354 1119 quosdam
2388 1064 2427 1099 a
2455 1062 2580 1117 pec-

548 1141 557 1148 ·
607 1119 805 1179 cando
839 1119 1158 1189 avocabis,
1196 1122 1291 1176 ita
1326 1120 1428 1178 hic
1465 1138 1671 1177 omnes
1709 1115 1793 1172 ad
1829 1113 2028 1192 officii
2061 1116 2578 1188 virtutisque-cu-

606 1209 743 1246 ram
777 1190 1216 1256 beneficiorum
1254 1188 1694 1264 magnitudine
1726 1184 2068 1259 pertrahes.
2123 1185 2345 1264 ¹Neque
2383 1201 2581 1237 verea-

606 1279 704 1327 re,
742 1276 816 1312 ne
852 1256 1097 1330 quando
1134 1266 1193 1315 te
1226 1260 1529 1329 pecuniae
1564 1255 1896 1324 deficiant,
1935 1261 2049 1311 aut
2082 1252 2243 1319 alia,
2287 1251 2460 1309 unde
2492 1251 2578 1306 be-

603 1324 921 1397 nefacias.-
961 1326 1095 1398 (qui
1130 1330 1293 1388 enim
1327 1328 1567 1398 possint
1600 1332 1693 1381 tot
1729 1334 2040 1380 terrarum
2079 1328 2271 1393 atque
2303 1322 2576 1375 marium

605 1396 1101 1481 lmperator·en2?
1158 1405 1220 1452 et
1254 1414 1370 1471 ego
1407 1404 1552 1451 ante
1589 1393 1944 1461 timuerim,
1999 1407 2074 1445 ne
2112 1388 2329 1444 desint
2364 1387 2573 1463 dig-ni,

606 1466 828 1539 quibus
864 1462 1005 1530 des)
1044 1472 1157 1519 aut
1193 1484 1266 1519 ne
1303 1464 1544 1528 malam
1570 1462 1700 1517 tibi
1731 1463 2016 1535 gratiam
2051 1458 2141 1514 sic
2176 1457 2399 1513 habiti
2434 1455 2573 1529 refe-

605 1541 771 1594 rant.
813 1530 1061 1588 nullum
1098 1535 1262 1588 enim
1299 1543 1432 1589 tam
1469 1538 1715 1606 agreste
1754 1549 1826 1584 ac
1848 1527 2065 1600 ferum
2105 1527 2567 1601 estingenium,

605 1600 956 1678 quodssnon,
1006 1608 1076 1656 ut
1113 1601 1247 1656 alia
1284 1600 1533 1657 vincula
1569 1599 1903 1674 spreverit,
1941 1594 2182 1652 duobus
2218 1593 2322 1649 his
2359 1597 2448 1650 sit
2481 1593 2571 1651 clo·

603 1669 873 1738 piabile„-
929 1670 985 1725 si
1032 1687 1245 1744 nempe
1292 1689 1402 1727 nec
1449 1667 1751 1741 injuriam
1791 1667 2114 1738 patiatur,
2173 1673 2239 1720 et
2276 1663 2569 1729 beneficia

602 1741 857 1795 sentiat.
943 1738 1400 1811 Propemodum
1437 1738 1721 1811 exegisse
1759 1733 1969 1792 videor
2061 1732 2322 1805 qualem
2373 1731 2566 1788 adver-

601 1826 708 1864 sus
745 1807 920 1862 varia
958 1815 1300 1864 ceterorum
1334 1826 1569 1882 genera
1606 1813 1666 1860 te
1749 1822 1918 1858 erere
2001 1801 2184 1856 ebeas
2209 1822 2228 1855 .-
2270 1800 2567 1876 reliquum

606 1883 732 1938 est,
788 1882 859 1930 ut
903 1872 1278 1945 edisseram,
1337 1873 1706 1950 que'madmo
1757 1892 1860 1929 um
1912 1868 2291 1929 versandum
2341 1871 2407 1926 in
2444 1868 2563 1938 his,

607 1962 766 2022 quae
805 1941 888 1999 ad
925 1950 983 1998 te
1016 1947 1367 2017 pertinent,
1403 1945 1692 2002 sentiam.
1952 1974 1954 1976 >
2492 1961 2499 1966 “

246 2155 259 2168 ·
282 2083 547 2140 Honorum
727 2080 923 2141 LXII·
980 2090 1053 2148 In
1091 2092 1444 2148 universum
1479 2093 1751 2165 recipere
1786 2088 1995 2147 nullos
2029 2088 2306 2148 honores
2339 2109 2372 2146 a
2397 2105 2548 2146 sena-

237 2154 580 2208 mutantium
611 2170 682 2219 tu
718 2170 832 2219 aut
866 2161 1349 2236 quibuscumque
1386 2159 1632 2226 delatos
1666 2158 1888 2226 debes,
1951 2161 2057 2233 qui
2097 2161 2308 2216 verbis
2346 2167 2445 2214 aut
2471 2175 2553 2211 re-

240 2223 583 2297 nvssadpsslen·
611 2231 725 2287 bus
763 2228 1010 2303 aliquid
1044 2227 1319 2296 habeant
1355 2228 1650 2285 insolitae
1691 2226 2129 2300 adrogantiae.
2224 2232 2391 2285 Nam
2424 2234 2559 2283 cete·

238 2304 367 2349 tem·
610 2301 701 2357 ris
748 2298 997 2374 quidem
1045 2317 1083 2353 a
1132 2304 1192 2352 te
1224 2297 1492 2370 profecti
1523 2297 1785 2353 honores
1823 2303 2189 2353 ornamento
2229 2306 2412 2367 sunt,
2461 2293 2568 2350 tibi

614 2387 753 2424 vero
790 2367 941 2442 quid
977 2366 1121 2422 dari
1145 2374 1352 2440 potest
1384 2369 1498 2434 iis,
1537 2385 1695 2442 quae
1724 2364 1951 2433 habes,
1990 2367 2381 2439 augustius?
2422 2362 2567 2440 Quin

611 2446 675 2494 et
709 2436 1099 2492 adulationis
1134 2436 1548 2509 suspicionem
1586 2437 1688 2490 vix
1725 2429 1985 2560 effufit,
2041 2432 2354 2507 quidquid
2399 2437 2570 2503 impe-

611 2507 786 2561 ranti
820 2502 1193 2574 decernitur·
1260 2522 1371 2559 nee
1405 2508 1569 2561 enim
1605 2503 1795 2560 aliter

614 2573 821 2630 ditur:
860 2572 1206 2645 eodemque
1225 2591 1356 2628 rem
1391 2572 1632 2641 redire,
1671 2579 1739 2627 at
1782 2592 1856 2628 ue
1891 2575 1946 2627 si
1979 2570 2103 2628 sibi
2130 2572 2266 2641 ‚ipsi
2294 2574 2507 2644 prince
2546 2589 2572 2627 s
2658 2591 2659 2614 ³

612 2644 739 2699 ista
783 2641 1224 2716 gratificetur,
1276 2661 1398 2697 non
1436 2640 1619 2697 modo
1654 2660 1737 2695 nu
1771 2641 1902 2696 lum
1940 2638 2086 2695 inde
2119 2637 2451 2696 relaturus
2562 2668 2576 2679 ¹·

617 2721 760 2776 cu'S,
809 2707 915 2764 sed
952 2707 1298 2764 ludibrium
1335 2710 1505 2767 ultro
1544 2709 1890 2767 debiturus.
1973 2711 2065 2764 Tu
2114 2726 2257 2763 vero
2306 2710 2576 2784 egregiis
2658 2731 2659 2740 ¹

602 2778 805 2853 factis
852 2794 1086 2851 augere
1116 2774 1371 2846 famam
1405 2786 1752 2837 memento:
1801 2783 2051 2834 statuas
2087 2774 2184 2831 vel
2221 2795 2456 2833 aureas
2493 2773 2576 2832 vel

620 2854 951 2919 argenteas
984 2850 1132 2917 poni
1165 2855 1320 2920 veta.
1376 2866 1677 2923 magnam
1713 2849 1874 2903 enim
1910 2846 2066 2903 illae
2098 2847 2452 2912 impensam
2482 2855 2581 2921 poa?
2658 2861 2659 2870 ¹

617 2916 893 2985 stulant,
933 2921 1027 2979 et,
1063 2916 1172 2970 ubi
1208 2917 1472 2982 vixeris,
1512 2918 1785 2978 avaritia
1824 2925 1937 2972 aut
1965 2917 2343 2971 necessitate
2376 2934 2577 2990 super-

618 2986 836 3039 stitum
873 2984 1331 3050 conflabuntur.
1372 2983 1548 3042 tuum
1586 2985 1738 3054 opu's
1771 2986 1855 3040 sit
1890 2980 2342 3053 benefaciendo
2370 2986 2492 3040 tibi
2521 2985 2577 3039 in

621 3052 848 3108 animis
892 3059 1141 3106 tuorum
1186 3052 1638 3119 pulcherrimas
1659 3054 1989 3127 fabricare
2023 3053 2377 3126 imagines,
2433 3071 2577 3128 quas

618 3120 801 3176 nulia
838 3128 953 3177 aut
982 3119 1301 3177 hominum
1341 3132 1456 3178 aut
1489 3131 1834 3195 temporum
1867 3120 2105 3197 injuria
2144 3129 2533 3196 corrumpat.

293 3262 578 3347 ‘Praecipue
738 3258 959 3318 LXIII·
1018 3266 1142 3325 Sed
1175 3287 1369 3342 neque
1417 3268 1713 3342 templum
1748 3271 1990 3326 exstrui
2022 3270 2144 3326 tibi
2176 3270 2353 3325 sine.-
2407 3289 2578 3338 prae·
2658 3265 2659 3292 ³

246 3335 572 3392 dwlnorum·
616 3345 747 3395 stat
795 3339 862 3393 in
906 3356 1004 3393 res
1050 3339 1432 3393 necessarias
1483 3337 1790 3413 ejusmodi
1836 3345 2120 3406 sumptus
2165 3357 2576 3412 compare-ere.
2658 3351 2659 3354 ’

617 3426 722 3464 ma
815 3425 885 3462 as
920 3407 1083 3462 enim
1118 3405 1378 3461 divitias
1410 3409 1680 3476 rectius,
1734 3427 1938 3479 pauca
1976 3403 2300 3481 erogando
2322 3445 2341 3474 ‚
2399 3427 2580 3483 quam

618 3496 726 3532 mu
758 3482 823 3531 ta
862 3473 1270 3547 adcipiendo,
1317 3477 1666 3558 paraveriS.
1756 3475 1878 3531 Sed
1911 3494 2106 3547 neque
2144 3474 2412 3534 divitiae
2446 3476 2580 3551 glo·

617 3546 783 3600 riam
810 3541 1185 3612 hominibus,
1224 3562 1372 3620 quin
1405 3546 1594 3599 immo
1632 3546 1825 3599 uirtus
1861 3544 2193 3608 conciliat.-
2234 3561 2398 3629 quae
2427 3544 2583 3602 mul-

620 3621 714 3668 tos
750 3615 817 3667 in
894 3632 966 3667 ar
995 3612 1139 3666 Diis
1161 3611 1508 3686 fastigium
1542 3614 1838 3686 reposuit.
1881 3621 1953 3668 at
1982 3609 2316 3686 suffragiis
2353 3619 2581 3670 morta-

618 3680 776 3737 lium
877 3699 983 3735 eus
1009 3687 1203 3736 ‘nemo
1236 3679 1460 3753 factus
1502 3691 1611 3736 est.
1694 3682 1905 3753 Igitur
1937 3691 2103 3737 recte
2141 3689 2332 3757 atque
2370 3682 2582 3738 ordine

615 3750 955 3823 imperanti
999 3756 1165 3803 totus
1214 3748 1380 3804 orbis
1424 3768 1600 3807 sacer
1634 3752 1786 3817 erit,
1842 3769 2049 3805 omnes
2084 3750 2268 3806 urbes
2304 3759 2434 3807 tem
2482 3751 2579 3821 la,

615 3835 825 3873 omnes
874 3816 1152 3872 homines
1203 3816 1567 3874 simulacra.
1638 3837 1786 3874 nam
1832 3820 2107 3891 ipsorum
2154 3820 2221 3876 in
2270 3820 2583 3879 menibus

536 3906 539 3910 ’
616 3905 755 3942 cum
790 3884 1002 3958 gloria
1039 3884 1467 3942 collocaberis·
1526 3905 1698 3941 secus
1748 3896 1961 3943 autem
2007 3894 2252 3944 utentes
2299 3890 2583 3958 potentia

611 3972 724 4010 nec
760 3953 1092 4009 honestant
1126 3954 1312 4018 talia,
1352 3954 1503 4011 licet
1539 3955 1823 4012 omnibus
1858 3957 1925 4010 in
1950 3954 2201 4028 populis
2229 3965 2578 4028 ponantur:

612 4020 724 4080 sed
741 4041 954 4081 eorum
977 4030 1216 4098 augent
1237 4024 1526 4091 crimina,
1563 4021 1727 4104 quod
1756 4031 2079 4103 tamquam
2110 4030 2580 4153 tropaeadquae·

2024 4117 2031 4122 ‘
2421 4112 2525 4152 am

1874 2510 2187 2559 ecreturos
2208 2502 2428 2574 fuisse
2459 2517 2572 2557 cre·
2658 2521 2659 2536 ³
