2675 4642
110 4190 119 4199 ·
165 4166 303 4236 apud
327 4167 492 4242 Pigh.
539 4170 681 4225 Die.
731 4166 966 4233 Vella,
993 4169 1081 4234 (25.
1137 4163 1451 4227 Vahmax·
1483 4168 1536 4232 6,
1570 4182 1625 4233 9·
1693 4192 1700 4198 ’

1664 128 1671 157 l

510 290 604 352 m
646 285 951 350 Locum
990 287 1155 349 mn.
1203 285 1399 350 cxx,
1446 272 1679 351 mvn.
1987 284 2103 364 371

137 510 406 560 tuertint.
491 498 787 583 Quorum
842 502 1102 558 Marcus
1159 494 1453 578 quidam,
1529 496 1663 556 suis
1719 493 1788 554 in
1841 494 2108 556 aedibus

137 579 248 641 fide
288 599 633 640 servorum
673 580 1067 648 occultatus,
1132 577 1323 648 inde,
1368 574 1885 658 pacerestituta,
1931 577 2110 638 velut

137 663 200 722 ab
243 658 441 721 exilio
481 663 549 721 iu
584 663 917 745 publicum
957 659 1226 742 prodiit.
1314 660 1545 720 Sittius
1592 659 1784 719 ctiam
1833 659 2111 718 munici-

136 764 267 826 pum
323 763 593 803 suorum
648 742 1107 805 benevolentia
1157 742 1343 801 Cales
1396 762 1519 823 pro
1578 740 1807 800 exsilio
1856 740 2115 801 habuitx

176 828 368 884 rimus
394 816 426 894 ‚'
472 838 540 884 et
575 824 753 886 forte
796 826 971 886 solus
1014 822 1093 883 ad
1135 843 1208 882 ea
1248 837 1375 883 tem
1430 843 1580 895 ora,
1640 822 1973 882 hominum
2007 841 2115 882 re·

160 920 364 989 egatus
403 907 472 965 in
506 907 799 986 patriam.
883 911 1041 968 Nam
1070 906 1169 971 illi
1198 924 1355 987 prae
1404 904 1629 966 ivitem
1662 904 1868 964 virum
1899 919 1965 965 et
1992 922 2115 986 pro

143 991 302 1071 copia
341 986 457 1046 sua
490 982 871 1083 fnunificuin
907 986 1391 1049 custodiverunt
1426 986 1681 1055 armati,
1746 986 1958 1047 servis
1995 985 2115 1044 mi-

141 1071 364 1139 narum,
443 1068 858 1150 prohibendo
915 1069 1203 1151 ingress'u
1255 1086 1340 1149 op
1389 1067 1484 1129 idi
1535 1067 1812 1145 milites,
1871 1069 2110 1139 donec,

140 1151 346 1233 legatis
405 1152 488 1211 ad
535 1151 855 1214 tresviros
901 1151 1139 1223 miss'is,
1204 1089 1385 1234 quoii
1426 1148 1746 1225 diximuS,
1808 1152 2113 1234 impetra-

141 1247 285 1293 rent.
384 1238 393 1249 '

238 1339 471 1401 XCIX.
543 1337 764 1399 Alium
815 1350 1025 1400 metus
1073 1332 1419 1420 coegitad
1460 1334 1723 1400 felicem
1766 1334 2111 1401 audaciam.

2171 502 2239 560 U.
2262 522 2311 560 c.
2332 523 2452 578 709·

2167 581 2240 631 Δ.
2266 577 2333 632 C.
2352 584 2442 646 43.

2176 1338 2295 1399 Am
2311 1336 2462 1406 fetis·

146 1422 361 1504 quippe
414 1443 451 1479 a
500 1420 744 1481 liberto
792 1421 857 1481 in
902 1422 1273 1503 sepulcrum
1320 1419 1681 1494 abstrusus,
1740 1425 1890 1506 quia
1935 1421 2113 1484 ferre
2141 1424 2375 1466 auaacm
2395 1431 2459 1464 α

144 1503 247 1563 loci
284 1503 585 1586 speciem
621 1504 966 1584 nequibat,
1011 1504 1078 1563 in
1116 1502 1496 1563 conductam
1535 1504 1868 1585 quamdam
1903 1502 2114 1565 soz-di·-

148 1584 262 1644 ‹lam
293 1584 777 1645 habitationem
811 1584 1223 1668 immigravit.
1268 1583 1530 1656 deinde,
1579 1587 1729 1668 quia
1763 1586 1949 1647 miles
1980 1589 2124 1669 qui-

2145 1496 2304 1534 metu.

153 1665 263 1726 dam
295 1666 481 1745 juxta
522 1664 889 1728 divertebat
912 1710 928 1740 ,
970 1667 1340 1749 periculum
1377 1667 1612 1727 timens
1631 1708 1652 1738 1,
1701 1668 1913 1763 capite
1948 1689 2121 1741 raso,
2159 1720 2174 1743 „

159 1749 295 1829 quod
330 1747 678 1808 libertinis
727 1762 866 1809 erat
905 1749 1200 1819 solitum,
1265 1747 1487 1808 ludum
1531 1765 1788 1830 aperuit
1823 1748 2120 1831 publice,

158 1831 416 1913 nullique
474 1841 819 1911 suspectus
871 1844 1078 1892 totum
1127 1830 1292 1890 illud
1340 1830 1827 1892 minaciss'imum
1868 1845 2123 1916 tempus

156 1911 285 1971 citra
323 1910 701 1994 periculum
742 1914 981 1995 exegit.

246 2019 310 2081 C.
369 2019 516 2078 Has
566 2017 740 2078 inter
791 2017 1184 2079 calamitates
1236 2012 1403 2080 nihil
1463 2032 1601 2082 erat
1650 2006 2121 2090 calamitosius.

2184 2012 2375 2070 Planci

153 2118 312 2180 quam
351 2099 541 2183 quod
577 2120 661 2159 ne
698 2096 859 2179 {lere
889 2100 1152 2182 quidem
1181 2102 1438 2162 occisos
1469 2115 1608 2163 erat
1637 2102 1918 2181 licitumz
1967 2102 2122 2184 quin
2148 2100 2198 2139 ’ἲ
2229 2082 2423 2152 Lepidi

155 2182 291 2241 ultro
331 2181 499 2242 laeti
533 2181 663 2242 ess'e
703 2201 926 2242 omnes
956 2182 1344 2261 jubebantur
1378 2183 1617 2254 edicto,
1663 2196 1939 2265 propter
1963 2203 2124 2244 con·

162 2263 332 2325 sulum
397 2263 891 2348 designatorum
940 2263 1345 2348 triumphos,
1409 2277 1475 2326 et
1514 2266 1927 2339 imminentes
1969 2264 2127 2327 novi

156 2346 267 2404 anni
302 2344 550 2406 ferias.
638 2347 796 2406 Nam
834 2359 981 2407 ante
1017 2345 1190 2407 diem
1228 2360 1523 2430 quartum
1552 2346 1867 2411 Kalendas
1893 2349 2127 2409 Janua·

152 2426 253 2485 rias
292 2430 374 2487 L.
411 2427 696 2486 Plancus
738 2425 1158 2510 triumphavit
1205 2449 1286 2488 ex
1326 2430 1568 2502 Gallia,
1631 2427 1900 2499 Rhaetis
1942 2429 2125 2491 deri*

149 2509 283 2568 ctis:
348 2523 423 2570 et
471 2528 623 2569 mox
674 2521 819 2568 ante
871 2507 1042 2569 diem
1134 2508 1304 2572 ridie
1344 2510 1659 2583 ¹Kalendas
1702 2506 1794 2571 ex*
1816 2510 2126 2594 Hispania

2151 2158 2262 2210 triu
2272 2158 2483 2228 mplius.

145 2590 217 2648 Μ.
245 2589 570 2679 Lepidus.
653 2589 933 2650 Plancus
984 2611 1081 2659 ae¹
1111 2611 1212 2651 em
1262 2590 1524 2654 Saturni
1570 2594 1732 2659 fecit
1781 2613 1858 2653 ex
1905 2615 2126 2653 manu·
2213 2666 2220 2672 -

146 2667 275 2731 biis.
365 2675 457 2733 Et
503 2671 791 2754 quamvis
837 2672 1150 2754 imperata
1193 2673 1438 2736 laetitia
1473 2672 1595 2737 hos
1633 2676 1697 2735 in
1740 2673 2127 2756 Capitolium

146 2751 303 2815 cives
345 2753 729 2834 militesque
766 2768 1360 2837 prosequerentur,
1422 2777 1544 2818 nec
1585 2771 1794 2817 tamen
1835 2770 1941 2817 aut
1977 2757 2126 2817 illo·

142 2853 266 2892 rum
301 2835 506 2895 tacita
544 2830 908 2895 exsecratio
931 2878 946 2909 ,
997 2832 1363 2896 authorum
1403 2839 1792 2922 apertissima
1831 2839 2127 2900 convicia

144 2913 510 2977 defuerunt.
601 2916 795 2976 Certe
832 2930 1125 2978 servatus
1163 2916 1243 2978 ad
1272 2920 1647 2993 memoriam
1674 2917 1944 2980 nostram
1973 2940 2124 2982 ver-

147 3016 240 3059 sus
275 2997 365 3060 est
389 3040 408 3070 ,
471 2999 649 3058 inter
686 2997 1051 3081 triumphos
1084 2997 1241 3060 istos-
1269 3014 1648 3084 usurpatus:
1707 3003 1773 3059 de
1807 3000 2117 3072 Germanis,

144 3099 237 3137 non
272 3082 340 3140 de
381 3079 608 3150 Gallis,
669 3081 776 3137 duo
824 3082 1167 3158 triumphant
1212 3081 1482 3161 consules:
1544 3077 1716 3162 quod
1742 3122 1758 3154 ,
1816 3092 1885 3143 ut
1927 3099 2120 3164 supra

144 3161 673 3233 memoravimuS‚
718 3159 830 3220 ille
861 3159 1154 3227 Plotium,
1182 3161 1487 3235 fratrem,
1531 3158 1641 3223 hic
1676 3163 2004 3236 Paullum,
2050 3163 2119 3222 in

146 3243 656 3327 proscriptorum
694 3259 1030 3302 numerum
1063 3245 1443 3306 retuliss'ent.
1907 3252 1920 3263 ²

253 3353 353 3412 CI.
416 3350 561 3409 Hoc
599 3363 895 3429 tempore
933 3352 1334 3411 consulatum
1373 3354 1449 3411 P.
1482 3320 1830 3415 Ventidius
1867 3348 2110 3424 Hamis,

2177 3357 2235 3416 V
2226 3358 2461 3417 emulus

149 3449 216 3494 ex
248 3443 443 3515 pacto
483 3432 968 3493 triumvirorum
989 3471 1007 3502 ‚
1064 3451 1209 3493 cum
1247 3434 1317 3494 C.
1353 3435 1684 3495 Carrinate
1720 3455 1840 3527 per
1870 3433 2116 3515 aliquot
2139 3434 2326 3487 tonsu!
2348 3434 2442 3500 fit.

151 3515 274 3576 dies
308 3514 538 3597 gess'it,
584 3511 921 3575 abdicante
955 3514 1267 3585 Caesare,
1312 3528 1378 3575 et
1410 3515 1658 3597 collega
1689 3536 1828 3595 ejus
1856 3529 2115 3575 mortuo

153 3599 219 3689 Q.
252 3595 488 3659 Pedio.
573 3598 801 3675 Neque
838 3615 1082 3655 moram
1120 3595 1490 3670 adferebat,
1535 3596 1705 3678 quod
1745 3612 1880 3658 tum
1915 3597 2114 3657 maxi-

156 3698 238 3740 me
272 3691 543 3760 praetor
585 3688 725 3735 erat
756 3675 1124 3738 Ventidius.
1190 3677 1379 3739 nihili
1425 3678 1597 3745 enim
1633 3675 1872 3740 fiebant
1908 3678 2111 3758 leges,

156 3780 402 3842 quarum
442 3755 739 3820 Genucia
772 3773 1024 3820 cautum
1058 3774 1235 3832 erat,
1277 3780 1360 3821 ne
1400 3761 1545 3844 quis
1584 3760 1747 3823 duos
1788 3759 2109 3844 magistra-

155 3853 242 3901 tus
275 3862 404 3903 uno
442 3860 612 3901 anno
647 3854 934 3922 gereret.

215 4029 290 4084 Ca
334 4069 348 4083 .
379 3990 448 4084 C».
502 4025 643 4081 Dio.
678 3982 736 4081 et
764 4023 1020 4099 Appian.
1069 4025 1214 4083 Fasti
1245 4026 1441 4098 Capit.
1493 4025 1677 4080 Vetus
1709 4017 2016 4095 inscriptio
2045 4034 2107 4075 a·
2206 4046 2213 4050 ·

162 4092 264 4165 flul
338 4098 453 4167 igh.
510 4096 767 4181 Appian.
820 4095 977 4153 Vell.
1012 4115 1076 4164 ει,
1110 4103 1200 4166 67.
1289 4100 1432 4168 Gap.
1471 4093 1848 4150 CI..‘Tabula
1888 4092 2106 4187 uellet.

1837 4162 1842 4169 ι

1165 4243 1623 4327 ’,Ααπ
