2675 4642
590 210 713 294 708
784 195 2055 273 mmusn.surrmnnmoauu
2072 199 2491 268 memxs
2578 211 2583 214 ·
2662 231 2665 290 3

237 417 308 474 u.
341 433 394 474 ο.
428 415 554 489 725·
577 417 895 483 creditum
917 460 936 490 ‚
999 417 1322 481 civitatem
1360 432 1555 484 totam
1599 416 1670 478 in
1705 414 2012 498 potestate
2042 409 2368 477 habituro.
2472 415 2565 477 At

163 507 172 514 “
234 490 401 547 1·οο
430 504 519 557 ²7·
579 501 735 572 ille,
796 519 926 559 non
967 497 1092 578 jam
1145 502 1533 583 potentiam,
1593 516 1756 581 quae
1797 498 1978 580 prius
2032 496 2369 566 adfuerat,
2439 496 2564 558 sed
2662 501 2665 576 ζ

580 580 724 663 justi
764 581 1034 665 imperii
1069 580 1267 643 decus
1306 596 1497 663 atque
1538 580 1705 644 bona
1741 578 2068 661 cogitans,
2130 596 2261 637 non
2302 580 2577 651 omnia,
2654 583 2665 642 ὲ

582 679 655 726 ut
691 664 883 734 olim,
928 661 1181 744 privato
1226 662 1506 724 consilio
1541 659 1795 743 agebat,
1835 660 1917 721 dc
1949 659 2293 742 plerisque
2326 660 2568 722 Patres
2662 669 2665 676 '

507 762 522 776 ³
584 743 1117 807 consulebantur:
1164 757 1472 825 precante
1511 742 1699 826 ipso,
1743 770 1821 808 ne
1850 753 1987 825 quis
2025 750 2142 809 sibi
2176 749 2565 823 patriaeque,

583 839 640 895 si
668 833 825 909 quod
860 832 1113 892 haberet
1141 832 1463 896 consilium
1494 834 1752 897 rectius,
1782 830 2098 888 invideret.
2134 837 2352 901 neque
2388 819 2571 880 diffi·
2648 853 2663 898 .'

588 907 782 968 cilem
828 922 898 963 se
936 901 1261 975 exhibuit,
1323 901 1640 985 quidquid
1699 900 1797 960 illi
1842 921 2068 983 parum
2112 914 2263 983 apte
2322 900 2568 982 cogita-

588 1001 723 1049 tum
772 982 1186 1066 judicass'ent,
1249 982 1670 1065 corrigendo.
1754 982 2028 1042 Maxime
2080 996 2294 1043 autem
2341 1003 2377 1042 a
2414 1001 2570 1042 con-

581 1066 861 1134 sulibus,
904 1076 1032 1136 aut,
1079 1065 1136 1125 si
1168 1066 1381 1127 locum
1422 1066 1692 1126 alterum
1725 1063 1866 1146 ipse
1891 1076 2260 1147 occuparet,
2316 1086 2351 1125 a
2375 1063 2574 1124 colle-

593 1170 674 1232 ga
717 1143 1068 1231 postulabat
1112 1144 1470 1208 admoneri.
1519 1143 1632 1205 sed
1680 1157 1858 1208 etex
1903 1144 2049 1205 aliis
2094 1142 2569 1227 magistratibus
2664 1189 2665 1194 η

509 1251 524 1280 ⁸
596 1232 697 1291 sin
746 1229 911 1299 ulos,
956 1239 1022 1290 et
1059 1247 1138 1288 ex
1161 1228 1421 1309 reliquo
1452 1240 1677 1288 senatu
1707 1225 2074 1309 quindecim
2112 1226 2345 1288 sortiri
2380 1225 2570 1306 iamt,
2662 1219 2665 1262 ’Τ

596 1312 710 1395 qui
757 1331 832 1370 us
870 1308 941 1369 in
1015 1310 1331 1369 roximum
1371 1305 1669 1370 semestre
1704 1307 2099 1388 adjutoribus
2125 1321 2458 1392 uteretur,
2502 1306 2573 1368 de

597 1389 884 1475 negotiis
919 1329 1011 1452 ad)
1023 1388 1429 1474 frequentem
1466 1402 1751 1451 senatum
1775 1388 2144 1451 referendis
2171 1402 2321 1450 ante
2349 1402 2573 1450 tracta·
2662 1407 2665 1450 ἒ

595 1487 806 1560 turus.
891 1469 1176 1535 Eosdem
1213 1470 1414 1534 etiam*
1442 1468 1782 1553 aliquando
1823 1469 2223 1550 judicaturus
2258 1469 2571 1532 adhibuit.

261 1624 539 1696 Angusta,
723 1596 858 1657 CX.
900 1594 1265 1657 Exercebat
1285 1609 1511 1670 tamen
1544 1608 1611 1656 et
1645 1605 1902 1658 senatus
1938 1590 2214 1673 judicia,
2276 1591 2576 1675 quemad-

236 1697 358 1750 bene
390 1697 552 1762 impe.
606 1676 865 1740 modum
919 1677 1109 1737 olim:
1176 1677 1329 1759 quin
1380 1689 1449 1737 et
1486 1677 1550 1739 le
1598 1675 1920 1739 ationihus
1975 1674 2305 1735 interdum
2359 1694 2576 1757 regum

231 1763 562 1832 rarestaden·
607 1773 800 1842 atque
831 1757 1159 1819 nationum
1199 1776 1516 1841 responsa
1554 1696 1777 1819 gabat:
1841 1755 2121 1840 populus
2160 1757 2452 1817 comitiis
2489 1757 2577 1817 in-

606 1854 891 1904 tererat:
954 1839 1116 1900 nihil
1152 1852 1362 1901 tamen
1399 1840 1529 1900 nisi
1561 1839 1641 1900 de
1700 1837 2020 1901 sententia
2055 1837 2398 1921 Principis
2434 1857 2577 1899 con-

606 1921 1000 1985 stituebatur.
1059 1919 1487 2004 *Magistratus
1516 1922 1747 2004 partim
1789 1920 1932 2002 ipse
1962 1917 2380 1999 designabat,
2433 1940 2575 2001 par·

606 2004 722 2065 tim
766 2001 1092 2085 suffragiis
1137 2003 1395 2075 sinebat.
1426 2002 1680 2078 creari3
1748 2019 2003 2081 semper
2049 2000 2332 2061 animum
2367 2001 2568 2074 inten-

614 2084 817 2156 denS,
862 2103 945 2145 ne
983 2082 1236 2167 indigni
1269 2081 1539 2155 fierent,
1599 2096 1705 2144 aut
1750 2081 2138 2144 factionibus
2183 2102 2258 2143 ac
2284 2082 2571 2142 ambitio-

611 2168 681 2226 ni
715 2166 897 2229 locus
927 2165 1102 2227 ess'et.
1188 2165 1310 2241 His
1351 2165 1417 2224 in
1465 2165 1848 2226 universum<
1883 2163 1971 2224 ita
2006 2162 2365 2236 ordinatis,
2405 2163 2572 2224 deiu-

622 2268 777 2330 ceps
819 2246 1106 2330 singula‚
1171 2265 1330 2328 quae
1378 2246 1724 2306 memorari
1763 2244 1954 2329 digna
2005 2259 2398 2317 occurrent,
2456 2243 2581 2306 suis
2664 2255 2665 2292 f

293 2345 592 2414 Majusaeffa
629 2330 923 2391 adnotata
977 2328 1382 2410 temporibus
1434 2327 1830 2389 referentur.
1935 2329 2076 2388 Non
2127 2328 2307 2387 enim
2356 2328 2468 2388 abs
2516 2346 2582 2388 re

253 2416 588 2471 credensim·
630 2412 896 2472 miratus
933 2407 1368 2471 Alexandrum
1405 2408 1514 2470 bic
1552 2410 1909 2490 Princeps,
1952 2407 2154 2490 pleris
2206 2430 2291 2470 ue
2339 2410 2406 2470 in
2448 2407 2583 2469 ado-

255 2489 462 2565 piria-m
488 2484 606 2535 bene
631 2491 945 2554 lesceutia
979 2490 1279 2564 subactis,
1324 2511 1410 2552 ne
1450 2491 1779 2552 materiam
1812 2488 2041 2571 agendi
2082 2510 2169 2572 po
2197 2506 2298 2554 tea
2325 2512 2459 2554 non
2496 2510 2586 2551 es·
2662 2483 2663 2564 l

258 2553 608 2673 ‘ffffmzr'fsp
637 2587 736 2635 εει
772 2572 1141 2644 habiturus,
1189 2572 1566 2648 timentem3
1608 2570 1806 2652 majus
1848 2571 1973 2632 effe
2023 2568 2438 2643 existimavit,
2482 2572 2588 2644 im·

261 2640 322 2746 ξ,
376 2636 480 2691 ”⁸7
637 2654 892 2739 perium
921 2657 1169 2736 partum
1208 2652 1378 2715 bene
1415 2652 1820 2724 constituere,
1867 2673 2071 2735 quam,
2117 2652 2331 2716 donec
2369 2653 2588 2726 defuit,
2660 2699 2661 2710 ,

206 2737 212 2744 “
325 2723 344 2745 ’
642 2754 981 2822 quaerere.
1017 2732 1213 2818 idque
1238 2736 1436 2797 rebus
1470 2735 1636 2819 ipsis
1660 2734 2069 2797 laudabiliter
2103 2734 2444 2818 praestitit.

761 2860 924 2921 CXI.
964 2855 1173 2940 Igitur
1214 2856 1443 2919 eodem
1478 2859 1834 2930 consulatu,
1874 2857 2013 2919 vias
2045 2872 2224 2920 extra
2260 2859 2488 2921 urbem
2523 2875 2591 2918 ex
2656 2873 2659 2882 ·

640 2940 986 3025 manubiali
1001 2941 1299 3022 'pecunia
1342 2938 1707 3002 sternendas
1748 2941 2240 3023 triumphalibus
2272 2941 2441 3002 viris
2473 2939 2592 3000 dis·

643 3023 905 3099 tribuit3
954 3036 1219 3104 excepta
1266 3023 1391 3083 sibi
1423 3022 1755 3096 Flaminia,
1844 3042 1962 3084 uae
1996 3022 2074 3083 ad
2105 3022 2468 3083 Ariminum
2498 3041 2596 3082 us-

650 3125 777 3190 que
814 3103 1178 3187 pertinebat
1199 3146 1214 3177 ‚
1274 3104 1448 3188 quod
1474 3124 1593 3187 per
1628 3124 1766 3165 eam
1853 3118 2113 3167 ucturus
2149 3104 2503 3166 exercitum
2535 3123 2598 3163 e-

648 3201 771 3249 rat.
860 3185 1179 3248 Celeriter
1230 3206 1302 3246 ea
1337 3186 1697 3269 permunita
1746 3184 1866 3259 cst,
1912 3185 2124 3267 obque
2157 3206 2298 3248 eam
2344 3185 2598 3247 cauffam
2656 3209 2657 3270 j

650 3266 1002 3329 in‘duobus
1040 3267 1357 3349 capitibus
1397 3267 1537 3328 viae
1623 3269 1775 3328 ositi
1811 3282 1958 3329 sunt
1994 3288 2178 3329 arcus
2216 3288 2362 3329 cum
2396 3266 2596 3328 statuis

652 3346 959 3432 Augusti,
1002 3370 1166 3409 uuus
1210 3349 1276 3409 in
1320 3363 1519 3433 ponte
1614 3348 1836 3420 iberis,
1882 3339 2044 3414 alter
2085 3350 2407 3410 Arimini:
2452 3367 2597 3431 quo·

651 3452 799 3500 rum
832 3429 1037 3490 adhuc
1074 3433 1140 3490 in
1178 3433 1449 3492 nummis
1488 3432 1696 3512 imago
1736 3431 1969 3493 visitur
1992 3474 2010 3502 ,
2057 3450 2199 3492 cum
2232 3431 2355 3492 hac
2385 3428 2602 3491 inscri-
2654 3469 2655 3472 =

622 3504 636 3515 ⁹
656 3513 926 3595 ptione:
970 3512 1035 3571 S.
1059 3513 1134 3576 Ρ.
1165 3512 1246 3591 Q.
1273 3516 1352 3573 R.
1380 3513 1618 3575 CAES‘.
1644 3513 2064 3576 AUGUSTO.
2095 3513 2359 3606 QUOD.
2380 3512 2594 3576 VIAE.

657 3588 1066 3655 MUNITAE.
1111 3596 1353 3656 SUNT.
1398 3599 1469 3657 In
1508 3609 1757 3657 ceteras
1801 3595 1987 3655 etiam
2028 3595 2196 3674 vias,
2242 3606 2600 3656 cunctanter

660 3688 980 3757 sumptum
1005 3677 1463 3757 praebentibus
1501 3677 1667 3749 aliis,
1712 3676 2089 3742 multum,de
2125 3699 2236 3738 sua
2265 3690 2374 3737 aut
2409 3673 2600 3759 publi-

645 3775 734 3818 ca
778 3757 1051 3838 pecunia
1091 3757 1426 3840 impendit.
1508 3759 1623 3820 Ille
1650 3772 1860 3821 tamen
1908 3758 1989 3821 de
2036 3780 2149 3820 sua
2184 3757 2429 3821 dediss'e
2488 3776 2598 3816 ma-

730 3945 876 4017 Cap.
912 3911 1061 4002 clx.
1118 3946 1364 4000 Sueton.
1412 3945 1585 4019 Auge
1605 3945 1693 4001 35.
1753 3942 1891 4002 Dio.
1983 3946 2126 4020 Cap.
2177 3948 2295 4003 CX.
2344 3944 2500 3998 Plut.
2539 3940 2596 3994 A·
2648 3869 2654 3932 Ι

708 4015 909 4086 ophth.
944 4013 1113 4069 Rom.
1147 4017 1207 4069 in
1230 4014 1382 4087 Aug.
1444 4016 1587 4087 Cap,
1619 4014 1764 4068 cxl.
1803 4014 2046 4070 Sueton.
2074 4015 2228 4091 Aug.
2257 4016 2347 4075 30.
2384 4011 2591 4078 strabo,

738 4087 793 4142 5.
828 4102 890 4157 p.
917 4099 1040 4154 217.
1084 4084 1222 4142 Dio.
1261 4084 1425 4159 Pigh.
1457 4082 1532 4141 ad
1563 4083 1716 4141 Ann-
1746 4084 1869 4151 725.
1905 4079 2046 4142 Dio.
