2675 4642
454 200 544 264 IN
583 199 884 264 Locum
926 201 1089 269 ΗΒ.
1138 200 1482 275 CXXXVI.
1528 200 1761 270 mvn.
1985 197 2104 279 748

127 431 288 475 num
319 408 725 492 nequiviss‘et.
809 408 1034 476 Vetuit
1070 406 1418 506 Augustus,
1481 411 1639 474 licet
1685 411 1901 494 legum
1945 413 2101 474 alias
2158 409 2318 478 Udo.
2349 410 2473 478 733.

127 494 675 571 servantiffimus,
739 510 823 551 ne
878 492 1354 574 pulcherrimus
1415 493 1788 556 nobiliffimi
1850 495 2101 576 ingenii
2159 484 2441 551 *·0·¹9·

127 576 349 638 foetus
387 574 707 670 interiret.
798 574 1118 657 Sepultus.
1150 571 1239 635 est
1283 575 1584 660 Neapoli.
1644 574 1812 658 apud
1853 578 2100 637 'faren-

125 671 267 719 tum
313 671 777 739 exspiraverat.

250 765 542 825 XXXIII.
590 763 721 825 Sub
762 764 889 824 hoc
923 774 1176 858 tempus
1219 759 1546 845 Agrippa,
1615 763 1728 846 qui
1759 763 1959 826 rebus
1990 784 2100 826 ur·
2162 774 2429 831 cantabri

123 843 315 906 banis
352 847 600 907 interea
631 846 1023 929 praefuerat,
1067 863 1133 902 in
1165 844 1407 905 Gallias
1442 844 1658 907 miffus
1694 843 1802 918 est,
1847 844 2100 908 discor·
2125 864 2317 900 rursus
2337 847 2470 899 deu

118 926 230 988 dia
264 928 633 1011 principum
664 943 730 990 et
766 930 1233 990 Germanorum
1280 926 1763 988 incursionibus
1806 917 2337 989 laborm-ficiunt·

121 1021 251 1071 tes.
367 1009 490 1070 His
546 1010 859 1072 celeriter
918 1007 1206 1090 pacatis,
1263 1008 1333 1066 in
1397 1008 1775 1090 Hispaniam
1820 1011 2097 1083 transit,

126 1090 604 1152 Cantabrorum
651 1089 902 1154 ferocia
947 1088 1161 1151 denuo
1207 1089 1543 1150 turbatam.
1625 1092 1896 1173 Magnus
1934 1092 2106 1152 enim

117 1190 434 1233 numerus
483 1174 603 1234 sub
638 1170 805 1234 hasta
857 1169 1311 1241 venditorum,
1376 1169 1746 1232 interfectis
1785 1172 2102 1246 dominis,

117 1251 191 1313 in
245 1254 521 1335 patriam
575 1254 944 1322 redierant,
1015 1272 1094 1313 su
1143 1249 1526 1334 erssitesque
1579 1254 1987 1333 popularium
2024 1254 2104 1315 ad

117 1356 296 1395 arma
328 1333 587 1408 hortati,
631 1333 878 1405 castella
908 1353 1070 1417 quae
1120 1353 1215 1393 am
1240 1333 1825 1400 communiverant.
1862 1339 2101 1398 Tantus

117 1430 264 1477 erat
292 1416 587 1479 immanis
633 1416 862 1501 populi
896 1427 1115 1476 terror
1138 1456 1154 1487 ,
1199 1428 1270 1475 ut
1301 1415 1596 1497 Agrippa
1627 1418 1958 1498 negotium
1989 1417 2103 1477 ha-

119 1495 343 1558 buerit
389 1499 456 1557 in
496 1498 881 1559 coercendis
935 1493 1523 1580 confirmandisque
1574 1496 1929 1569 militibus,
1989 1498 2102 1581 qui

117 1579 606 1662 expeditionem
638 1593 812 1642 metu
848 1576 1314 1640 detrectabant.
1371 1581 1599 1658 Neque
1628 1578 1860 1650 levius,
1915 1599 2103 1662 quam

118 1681 247 1744 pro
281 1662 598 1744 opinione
623 1704 641 1734 ,
683 1661 924 1723 bellum
970 1659 1115 1721 fuit.
1177 1660 1376 1720 Multa
1401 1701 1419 1732 ‚
1468 1657 1616 1719 dum
1652 1681 1682 1719 a
1736 1661 1819 1721 ud
1864 1662 2101 1721 Roma-

114 1761 239 1804 nos
280 1744 575 1805 serviunt
599 1786 617 1814 ,
661 1738 959 1805 viderant
990 1740 1271 1813 barbari,
1318 1759 1595 1822 quorum
1637 1680 1951 1803 aXversus
1983 1741 2101 1803 ho-

111 1821 272 1901 stem
324 1846 479 1886 usus
539 1824 713 1887 ess'et.
786 1824 907 1885 hac
946 1821 1221 1905 peritia,
1277 1836 1350 1883 et
1406 1823 1557 1906 quia
1597 1823 1804 1884 victos
1855 1824 2101 1885 nullum

7 1976 18 1983 ,
113 1924 253 1966 non
300 1905 687 1989 supplicium
733 1919 1112 1990 exspectare
1144 1917 1419 1975 norant,
1480 1903 1827 1998 plurimum
1877 1918 1943 1966 et
1983 1904 2094 1966 de-

115 1987 414 2050 trimenti
449 1987 756 2050 Romanis
799 1986 1179 2060 intulerunt,
1222 1999 1292 2047 et
1321 1985 1739 2068 ignominiae,
1786 1986 1967 2067 cujus
1999 2001 2094 2048 et-

113 2068 247 2130 iam
304 2071 506 2132 causs'a
549 2071 912 2154 legionem,
980 2089 1143 2152 quae
1196 2064 1897 2150 vocabatur‘Augusta,
1970 2070 2096 2132 hoc
2157 2075 2437 2134 SudabA.

109 2150 213 2212 uti
237 2153 626 2234 cognomine
648 2152 935 2236 Agrippa
956 2148 1313 2233 prohibuit.
1361 2148 1515 2222 Sed,
1553 2149 1803 2213 viribus
1826 2152 2092 2213 immen-
2114 2147 2315 2229 grqppa
2329 2165 2463 2200 ‘⁰¹³⁸-

109 2254 264 2293 sum
298 2235 619 2315 superior,
673 2254 803 2294 non
842 2248 988 2295 ante
1019 2229 1275 2306 destitit,
1321 2252 1529 2316 quam,
1574 2231 1905 2312 juventute
1940 2254 2092 2318 pro·
2116 2229 2451 2309 F'm'm‘ffl'·

110 2315 471 2397 pemodum
516 2317 690 2377 omni
732 2316 945 2379 occisa
989 2312 1450 2376 Cantabrorum
1479 2356 1495 2385 ,
1554 2316 2091 2390 ceteroffiflrmis

108 2395 481 2481 ademptis,
526 2419 609 2460 ex
644 2397 970 2461 montibus
1013 2397 1080 2457 in
1123 2396 1309 2480 plana
1348 2395 1724 2458 deduceret.

244 2521 541 2588 XXXIV.
594 2525 730 2585 Nec
765 2535 976 2584 tamen
1009 2520 1095 2582 ob
1133 2519 1296 2582 baec
1342 2518 1509 2603 gesta
1545 2533 1649 2581 aut
1680 2517 1946 2602 scripsit
1986 2539 2090 2582 se-

107 2602 319 2672 natui,
361 2619 470 2667 aut
495 2602 907 2687 triumphum,
951 2603 1108 2664 licet
1130 2616 1395 2664 auctore
1427 2606 1703 2666 Caesare
1731 2599 2086 2675 decretum,

108 2683 342 2761 «duxit3
389 2683 754 2748 modestiam
777 2728 794 2758 ,
835 2686 1003 2747 sicut
1031 2683 1440 2757 adsueverat,
1486 2704 1746 2746 servare
1780 2703 2085 2766 pergens.

108 2764 307 2844 cujus
350 2781 415 2829 et
462 2767 636 2828 aliud
691 2767 1197 2851 experimentum
1250 2766 1477 2827 eodem
1516 2781 1811 2848 tempore
1861 2764 2084 2836 dedit,

108 2866 321 2929 quum
371 2850 751 2913 sententiam
799 2849 1028 2911 consul
1061 2847 1146 2909 de
1186 2847 1392 2911 fratre
1441 2862 1740 2931 rogaret,
1816 2865 2091 2909 censere

111 2948 456 2992 recusans.
540 2930 714 2992 Idem
744 2930 939 2992 etiam
970 2929 1308 3013 Virginem
1343 2951 1566 3013 aquam
1589 2971 1606 3000 ‚
1654 2930 1718 2988 in
1763 2947 1918 3010 agro
1959 2931 2092 2989 Lu-

107 3010 377 3071 cullano
415 3026 811 3095 conceptam,
854 3010 1109 3095 privato
1146 3024 1406 3092 sumptu
1442 3010 1693 3071 induxit
1728 3010 1797 3070 in
1836 3008 2086 3082 urbem,

109 3091 461 3174 Augustam
502 3113 764 3156 vocans.
805 3090 985 3175 quod
1027 3090 1191 3152 adeo
1224 3104 1472 3172 gratum
1509 3091 1770 3154 Caesari
1806 3089 1968 3164 fuit,
2020 3103 2094 3153 ut

112 3171 189 3232 in
226 3177 500 3254 penuria
543 3175 719 3248 vini,
787 3192 983 3257 quum
1027 3172 1305 3258 populus
1347 3172 1533 3234 valde
1572 3172 2089 3244 vociferaretur,

107 3264 284 3318 satis
327 3256 567 3319 dixerit
610 3264 919 3333 provisum
957 3281 996 3318 α
1028 3279 1258 3337 genero
1291 3278 1406 3317 suo
1437 3263 1746 3337 Agrippa,
1784 3258 2094 3332 perductis

109 3351 407 3426 plur-ibus
443 3352 638 3422 aquis,
674 3372 752 3411 ne
782 3353 1060 3409 homines
1090 3351 1349 3406 sitirent.
1423 3344 1602 3404 Talis
1631 3340 1832 3421 igitur
1853 3342 1900 3399 A
1955 3338 2094 3432 rip-

112 3455 206 3517 pa
226 3432 374 3495 fuit.
416 3445 785 3495 ceterorum
811 3432 1130 3516 plerique,
1173 3429 1257 3492 ob
1292 3448 1402 3490 res
1429 3422 1912 3508 haudquaquam
1985 3436 2093 3514 uic

111 3511 622 3596 comparandas,
664 3512 1026 3577 latrociniis
1067 3512 1240 3573 forte
1274 3505 1673 3591 compreffiS,
1718 3515 1826 3597 aut
1863 3500 2094 3563 sediti-

110 3595 359 3657 onibus
393 3597 770 3677 compositis
799 3594 1127 3657 civitatum
1147 3634 1164 3665 ‚
1226 3606 1293 3654 et
1324 3591 1655 3674 petierunt
1684 3581 2046 3666 triumphos
2068 3620 2088 3653 ,

108 3690 189 3739 et
225 3677 674 3761 impetrarunt.
773 3681 910 3741 Nec
942 3674 1112 3738 enim
1155 3693 1391 3758 parcus
1428 3672 1497 3732 in
1525 3669 1629 3730 his
1657 3666 1896 3728 Caesar
1926 3675 2090 3738 erat,

192 3889 340 3960 Cap.
369 3886 607 3943 XXXII.
661 3846 811 3968 I’linz
838 3906 897 3968 7,
926 3888 1014 3944 30.
1050 3894 1108 3939 et
1140 3882 1293 3942 Gell.
1327 3899 1409 3945 ιη,
1445 3894 1531 3936 ιο.
1568 3884 1630 3958 et
1662 3870 1936 3996 Mlaprob.
1968 3870 2092 3926 Sat.

111 3954 263 4079 {5132
305 3959 483 4093 Ἐξ..
506 3965 764 4079 {iffi
779 3959 955 4078 3³53:
970 3943 1935 4088 a.?3.¹’i.*3‘.3}.{¹13.¹·a.⁰3321...1‘15s.⁴
1950 3957 2094 4065 ⁹232:

114 4092 377 4148 Sueton.
413 4093 566 4168 Aug.
591 4096 681 4163 4².
717 4093 855 4150 Dio.
894 4091 1138 4157 Sueton-
1168 4090 1320 4164 Aug.
1348 4089 1439 4149 38.
