2675 4642
431 210 520 277 m
567 209 868 284 Locum
903 213 1069 277 [ΛΒ.
1113 187 1461 284 cx'xxw.
1507 216 1744 285 mvn.
1990 216 2111 281 685

112 441 265 487 nus,
320 439 399 475 ne
456 426 563 475 aut
613 419 996 493 respublicae
1043 432 1149 480 aut
1195 425 1474 496 privatae
1520 424 1738 484 domus
1784 427 2106 487 detrimen·
2174 426 2244 481 U.
2273 442 2325 480 c.
2358 426 2481 497 723.

121 496 262 545 tum
299 491 604 569 sentiant3
660 499 768 547 aut
797 512 936 563 pere
987 496 1162 550 rinus
1192 495 1414 565 aliquis
1448 494 1612 566 apud
1654 517 1753 554 eos
1776 499 2105 571 quidquam
2167 501 2240 553 A.
2264 498 2333 554 C.
2360 515 2446 567 ²9·

115 559 232 615 hoc
259 576 511 613 nomme
543 570 891 632 sumptuum
954 567 1159 631 aciat3
1212 573 1318 619 aut
1336 564 1619 622 omnibus
1647 564 1812 622 ludis
1844 572 2108 628 victores

111 628 470 698 promiscue
506 640 797 700 perpetua
842 630 1141 692 alimenta
1175 634 1510 702 adcipiant.
1584 621 1744 691 Nam
1772 635 2107 709 locupletes

116 703 299 752 extra
330 697 610 766 patriam
645 718 824 753 suam
862 702 1097 772 aliquid
1132 704 1484 776 impendere
1514 706 1656 776 cogi
1685 706 1777 760 ini
1818 726 1956 760 uum
1980 715 2105 762 est.-

117 773 175 820 et
209 764 593 820 certantibus
626 764 902 841 sufficere
933 773 1153 828 debent
1191 772 1505 843 praemia,
1544 791 1699 843 quae
1728 793 1762 828 u
1809 777 1920 830 ivis
1948 774 2109 830 loco-

119 853 261 887 rum
312 838 650 890 constituta
695 847 870 908 sunt3
927 849 1361 917 praeterquam
1407 842 1463 894 si
1514 843 1615 912 qui
1668 841 1951 916 Olympia
2000 850 2112 902 aut

120 901 386 973 Pythia,
422 911 526 956 aut
560 904 669 960 hoc
697 927 898 979 genus
927 909 1159 968 celebre
1181 919 1491 966 certamen
1514 913 1740 967 uicerit.
1797 913 1907 968 Itos
1944 915 2110 971 euim

122 971 291 1026 solos
338 969 637 1030 alimenta
673 979 1007 1051 caperesas
1040 989 1208 1037 esto.-
1266 999 1342 1036 ne
1378 980 1647 1036 civitates
1665 980 1913 1051 frustra
1948 1002 2108 1038 sum·

121 1041 338 1110 ptibus
383 1051 727 1099 onerentur.
803 1045 1006 1120 Neque
1048 1050 1364 1111 homines,
1414 1051 1538 1105 nisi
1582 1053 2108 1121 praestantissimi

121 1112 382 1181 quique,
435 1122 838 1170 exerceantur
858 1151 876 1182 ‚
935 1121 1151 1176 ceteris
1175 1120 1246 1173 in
1277 1116 1407 1172 alia
1431 1116 1554 1176 sibi
1576 1126 1633 1174 et
1665 1117 1908 1188 publico
1940 1120 2107 1177 utili-

123 1198 237 1233 ora
279 1188 518 1245 tempus
559 1184 952 1253 impensuris.
1046 1189 1354 1244 Circenses
1396 1193 1596 1242 autem
1636 1188 1796 1244 nulli
1839 1187 2107 1245 aliarum

123 1247 372 1302 urbium
409 1252 849 1320 permittendas
892 1273 1143 1312 censeo.-
1190 1276 1265 1313 ne
1292 1274 1528 1329 magna
1565 1257 1651 1311 vis
1677 1259 1972 1328 pecuniae
2004 1279 2108 1326 ne·v

127 1317 460 1389 quidquam
494 1321 880 1391 insumatur,
935 1333 993 1381 et
1028 1326 1392 1398 aurigarum
1426 1324 1650 1380 studiis
1701 1326 1978 1384 homines
2012 1331 2108 1383 in-

126 1387 388 1469 saniant
410 1407 428 1439 .·
469 1392 741 1446 mamime
773 1411 933 1465 vera,
974 1414 1051 1451 ne
1082 1397 1300 1468 optimi
1331 1396 1542 1467 quique
1576 1399 1709 1464 eq'ui
1736 1396 1946 1452 usibus
1976 1394 2110 1470 ⁸bel*-

122 1454 265 1537 lzczs
300 1453 735 1515 subducantur.
809 1464 1128 1519 Numisma
1159 1482 1587 1534 mensurasque
1623 1471 1680 1518 et
1707 1468 1981 1534 pondera
2022 1483 2110 1523 se·

129 1541 323 1579 orsum
357 1524 580 1584 habere
629 1532 930 1608 neminem
962 1533 1171 1588 sinito.
1251 1533 1558 1589 Romanis
1600 1541 1871 1610 utuntur„
1930 1547 1947 1568 ·

195 1669 207 1677 ’
252 1633 392 1696 LV·
440 1643 535 1701 Ad
566 1650 620 1700 te
653 1644 1032 1718 legationes,
1085 1651 1208 1705 nisi
1241 1666 1338 1703 res
1371 1651 1731 1723 cognitione
1759 1657 1866 1705 tua
1906 1646 2109 1722 digna
2172 1624 2251 1747 ξ’
2267 1623 2492 1695 ι’μώ·

131 1713 465 1780 inciderit,
501 1733 576 1768 ne
614 1717 896 1773 mittant.-
935 1728 1047 1774 aut
1086 1719 1169 1774 ad
1191 1719 1649 1791 proconsulem,
1692 1727 1797 1775 aut
1831 1718 1886 1775 le
1939 1729 2109 1773 atum
2136 1710 2199 1775 m.
2230 1710 2469 1776 “⁸.''⁰¹’

132 1784 439 1840 desideria
472 1800 583 1838 sua
617 1784 936 1853 ¹deferant,
986 1797 1166 1859 atque
1196 1791 1251 1845 is
1294 1790 1602 1851 aestimet,
1663 1787 1737 1844 de
1777 1788 1874 1860 qui
1917 1806 1988 1843 us
2021 1764 2368 1845 re-'Fu'ffl'5‘

135 1852 247 1907 bus
271 1853 369 1919 ,acl
410 1863 468 1908 te
509 1851 733 1924 referre
767 1853 1004 1911 debeat.
1084 1858 1212 1912 Hac
1257 1859 1494 1912 ratione
1532 1856 1725 1912 simul
1766 1866 1822 1913 et
1862 1860 2117 1930 sumpti-

136 1921 245 1976 bus
276 1929 585 1992 parcetur,
623 1931 679 1979 et
704 1923 890 1979 malis
920 1925 1156 1981 artibus
1185 1926 1375 1980 ibitur
1410 1926 1669 1995 obviam3
1710 1944 2116 1997 responsaque
2200 1938 2207 1944 '

130 1995 336 2063 gratis
367 1999 428 2045 et
466 1994 619 2045 citra
656 1993 955 2049 ambitum
989 1994 1366 2067 auferentur.
1444 1998 1517 2050 In
1550 1994 1797 2064 reliquis
1830 1998 1923 2050 ita
1958 1995 2117 2052 mihi

132 2060 427 2115 videberis
472 2062 692 2130 optime
733 2062 1153 2128 consulturus,
1206 2065 1261 2118 si
1302 2083 1516 2138 regum
1556 2068 1994 2134 nationumque
2029 2064 2110 2120 le·
2175 2059 2180 2072 ’

130 2139 317 2203 gatos
360 2130 625 2200 primum
672 2133 739 2186 in
793 2135 1026 2189 curiam
1077 2131 1465 2200 introducas,
1521 2134 1694 2198 (nam
1745 2142 1802 2189 et
1836 2135 2112 2205 alioquin

133 2199 545 2271 magnificum
582 2200 717 2265 erit,
755 2211 1035 2257 senatum
1073 2221 1277 2257 rerum
1312 2205 1584 2257 omnium
1623 2201 1923 2262 arbitrum
1958 2202 2117 2259 vide-

135 2269 192 2324 ri
210 2286 228 2334 3
273 2278 333 2323 et
363 2271 570 2338 inique
600 2271 927 2340 agentibus
956 2270 1190 2327 multos
1216 2274 1517 2337 resistere)
1541 2270 1783 2336 deinde,
1827 2270 2116 2343 quidquid

140 2336 451 2408 agendum
478 2338 591 2391 erit
621 2339 946 2397 secundum
978 2340 1161 2414 leges,
1199 2359 1277 2396 ex
1310 2347 1558 2396 senatus
1589 2341 2115 2409 auctoritatefiat.

139 2407 248 2462 Sic
285 2408 448 2462 enim
483 2415 560 2472 et¹
584 2406 861 2480 dignitas
896 2413 1145 2484 imperii
1194 2411 1568 2480 seruabitur3
1623 2417 1679 2467 et
1703 2409 1961 2481 planum
2003 2412 2119 2467 erit

138 2477 430 2530 omnibus
478 2483 849 2548 certumque,
917 2486 1015 2547 te,
1084 2478 1377 2552 quidquid
1436 2482 1762 2547 statueris,
1825 2500 1904 2536 ex
1940 2498 2120 2553 prae·

141 2546 369 2617 scripto
395 2544 600 2618 legum
637 2549 950 2605 statuisse.

261 2639 429 2702 LVI.
480 2647 602 2704 Sed
634 2657 695 2706 et
724 2657 1037 2706 senatores
1068 2648 1481 2727 coniugesque
1508 2670 1717 2708 eorum
1748 2657 1857 2707 aut
1873 2648 2118 2714 liberos,

139 2722 242 2794 qui
261 2719 498 2792 majore
526 2719 791 2791 quadam
824 2718 1357 2779 animadversione
1385 2720 1580 2793 digna
1616 2722 1994 2779 commisisse
2028 2717 2120 2773 cli·

141 2800 399 2855 centur,
452 2788 532 2844 acl
571 2798 816 2856 senatus
850 2789 1262 2861 cognitionem
1296 2791 1601 2855 adduces,
1652 2785 1819 2862 eique
1843 2808 1985 2867 ‚rem
2023 2789 2120 2844 in·

139 2868 381 2932 tegram
403 2860 765 2913 committes.
806 2858 929 2913 Nec
955 2860 1123 2914 enim
1142 2861 1465 2916 uerendum
1486 2861 1624 2922 erit,
1662 2879 1736 2917 ne
1759 2875 2119 2928 quusquam
2202 2860 2210 2867 ’

138 2929 417 3000 gratiam
457 2935 597 2983 tuae
625 2924 977 2997 anteferant
1009 2926 1267 2985 Patres=
1309 2936 1399 2993 et,
1453 2929 1606 3001 ipsis
1640 2930 1707 2985 in
1742 2928 1958 2982 noxios
1992 2927 2121 2980 vin·

140 2999 513 3060 dic-antibus,
555 2995 622 3051 lu·
652 2998 806 3062 citra
842 3003 1016 3051 tuam
1045 2996 1347 3054 invidiam
1378 2998 1707 3067 punientur
1717 3015 1742 3068 ‚-
1781 3003 1839 3051 et
1872 2992 2005 3056 alii,
2044 3012 2122 3050 ne

137 3074 200 3123 et
241 3067 362 3136 ipsi
407 3062 581 3139 publ'
617 3083 652 3118 o
701 3072 952 3121 senatus
982 3060 1225 3137 judicio
1273 3071 1707 3140 exponantur,
1770 3070 1943 3120 tanto
1980 3059 2119 3116 dili·
2245 3109 2260 3136 ,ο
2380 3118 2396 3133 .

140 3138 393 3210 gentius
434 3136 530 3199 fla
607 3134 692 3188 tio
742 3135 1157 3192 abstinebunt.
1230 3134 1400 3214 Haec
1437 3142 1644 3191 autern
1681 3132 1755 3190 de
1781 3132 1879 3189 his
1914 3132 2117 3204 crimi-¹
2182 3120 2348 3203 Ιζιειρ
2373 3137 2430 3200 us

142 3204 324 3260 nibus
361 3225 457 3259 me
494 3203 722 3261 sentire
772 3205 1156 3271 memineris,
1212 3203 1537 3275 de‘quibus
1567 3201 1921 3274 introducta
1965 3199 2115 3273 legi·
2141 3204 2437 3261 PWWP‘W

150 3273 264 3328 bus
274 3272 514 3348 judicia
536 3273 809 3331 exerceri
828 3283 1279 3332 consueverunt.
1338 3276 1501 3330 Nam
1530 3273 1589 3331 si
1612 3273 1742 3344 quis
1770 3272 1836 3325 in
1861 3277 1917 3325 te
1929 3267 2116 3342 sorsi-
2146 3274 2404 3339 gmwvu·

147 3350 259 3397 tan
290 3340 529 3412 aliquid
555 3341 982 3399 inclementius
1014 3343 1249 3402 dixisse
1274 3350 1391 3400 aut
1407 3340 1903 3400 contumeliosius
1938 3355 2123 3409 argu·
2146 3337 2424 3382 ‘mmmm

128 3407 330 3475 'atur⁹
388 3411 454 3468 id
499 3425 719 3483 neque,
782 3413 839 3467 si
890 3411 1235 3484 deferatur,
1294 3412 1710 3473 audiendum,
1765 3425 1951 3481 neque
1994 3405 2127 3462 ullo

149 3480 333 3538 modo
365 3479 808 3536 vindicandum
846 3477 975 3552 αἰο,
1047 3483 1213 3539 Haec
1247 3480 1405 3537 talia
1484 3477 1565 3535 ad
1595 3479 1872 3536 animum
1899 3474 2123 3531 admit-

144 3558 307 3615 tere,
358 3549 525 3607 male
552 3551 992 3622 imperantium
1022 3558 1149 3620 est,
1201 3552 1302 3625 qui
1335 3548 1502 3607 dicta
1543 3545 2080 3630 possunt-credere
2103 3579 2124 3612 ‚

147 3638 300 3692 quae
342 3620 465 3676 dici
518 3619 587 3674 in
632 3638 696 3676 se
739 3623 957 3678 merito
1000 3638 1176 3693 posse
1224 3622 1517 3677 sentium.
1607 3619 1922 3673 Consczum
1980 3611 2130 3672 bene

149 3695 366 3763 gestae
396 3690 490 3745 rei
534 3686 1038 3765 ublicaelmagno
1059 3709 1184 3746 esse
1210 3691 1421 3745 animo
1440 3689 1625 3749 decet,
1652 3699 1777 3770 *nec
1803 3693 1911 3744 aut
1930 3684 2131 3770 crede·-

145 3777 212 3813 re
248 3756 443 3829 falsis
516 3778 691 3815 orum
727 3760 1059 3814 criminum
1098 3759 1387 3823 indiciis,
1428 3766 1539 3814 aut
1563 3773 1715 3810 veris
1748 3752 2133 3810 cbmmoverz·

144 3847 296 3883 nam
328 3835 434 3888 ·et,
525 3830 588 3883 ui
635 3827 787 3884 haec
831 3828 1223 3897 impatienter
1240 3825 1502 3899 ferunt..
1557 3823 1788 3880 nudum
1832 3822 2135 3894 praebent
2248 3893 2251 3900 .

143 3894 470 3955 maledicis
523 3904 658 3952 atus
678 3935 695 3958 ,
756 3891 1146 3969 efficiuntque
1166 3934 1184 3962 ,
1224 3906 1289 3954 ut
1313 3897 1425 3953 hos
1460 3892 1709 3951 delectet
1740 3891 2159 3948 rumusculos«

148 3983 463 4035 spargere,
497 3984 641 4037 quos
668 3965 781 4024 tibi
812 3963 1016 4023 dolori
1031 3966 1287 4039 futuros
1315 3986 1443 4022 esse
1466 3961 1803 4030 confidant.
1884 3962 1968 4019 Te
1997 3980 2133 4022 vero

147 4034 569 4091 sublimiorem
606 4037 776 4091 omni
803 4036 1117 4094 verborum
1155 4034 1529 4091 contumelia
1560 4031 1751 4087 videri
1786 4030 1987 4103 refert.
2041 4031 2139 4087 Ne

146 4106 348 4177 itaque
383 4112 495 4161 aut
526 4106 592 4161 in
632 4105 845 4178 animo
880 4112 987 4163 tuo
1030 4106 1345 4177 concipias
1379 4104 1546 4178 lianc
1582 4101 1969 4177 opinionem,
2026 4103 2134 4158 aut
