2675 4642
499 293 590 356 m
631 287 934 356 Locum
971 287 1135 349 Lm.
1181 285 1410 351 cxvt.
1454 286 1686 354 mvn.
1987 296 2107 369 247

99 518 245 575 tur,
292 521 471 587 quos
508 499 836 562 necess'um
870 513 1009 562 erat
1042 521 1186 564 cum
1210 502 1508 565 Caesaris
1537 498 1928 565 contumelia
1953 518 2109 560 con·
2171 493 2238 550 U.
2260 511 2293 548 e
2331 490 2457 561 ⁴708.

102 583 307 669 jungi.
402 581 868 644 Reclamabant
902 584 1051 660 alii,
1098 587 1360 662 majorem
1395 584 1493 664 effe
1523 582 1820 643 habendam
1840 580 1913 663 su
1952 583 2110 657 ersti-
2168 563 2218 620 Ᾰ
2265 532 2313 623 ό

109 688 222 728 tum
260 669 581 738 rationem,
627 683 787 744 quam
818 671 1043 728 mortui.
1126 667 1214 729 Et
1252 666 1721 750 abripiebatur,
1769 683 1897 745 quo
1971 661 2108 723 for-

109 761 170 812 te
205 771 241 810 a
278 745 576 831 quodam
620 745 1068 811 adseveratum
1109 763 1285 828 erat3
1354 755 1691 811 alterutrum
1736 748 1836 828 este
1882 741 2111 823 neceffit-

116 837 248 891 rium
265 872 283 902 ‚
333 832 431 888 uti
458 828 554 888 vel
578 847 850 910 tamquam
878 830 1258 907 tyrannicidae
1322 835 1523 892 raemia
1551 830 1818 910 accipiant
1841 846 2002 909 percu
2012 823 2112 893 (Ib-

121 934 227 982 res,·
279 909 383 971 vel
404 953 424 983 ,
470 929 747 991 tamquam
786 913 848 971 in
878 911 1077 973 delicto
1112 848 1455 996 depregenfi,
1500 917 1744 976 veniamt
1803 924 1869 975 et
1900 905 2111 995 postu-

121 994 239 1057 lare
275 1004 659 1076 coeperunt
678 1032 697 1065 ,
744 991 1057 1074 referretur
1091 999 1295 1056 iterum
1327 996 1397 1055 de
1432 993 1662 1078 Caesare
1681 1037 1699 1068 ,
1744 991 1957 1074 qualem
1990 997 2112 1051 exi·

109 1076 318 1156 stium·
352 1091 648 1155 oporteat.-
683 1075 1014 1156 juratusque
1071 1097 1261 1137 eriatus
1291 1075 1548 1159 censeret,
1573 1079 1765 1161 gratia
1776 1074 1939 1158 facta
1954 1077 2114 1155 prio-

119 1162 191 1218 ris
213 1158 567 1240 fhcrammti
587 1198 605 1229 ,
664 1176 769 1237 quo
789 1156 854 1239 se
888 1159 997 1219 Cae
1020 1165 1139 1220 aris
1195 1158 1399 1220 alutem
1433 1158 1751 1241 defensuros
1791 1175 1888 1217 aut
1924 1156 2114 1218 vindi-

118 1258 326 1302 caturos
337 1235 643 1317 juraffent
661 1260 679 1297 .·
718 1237 785 1299 id
809 1243 948 1299 enim
978 1262 1102 1301 nece
1141 1261 1280 1302 itate
1307 1260 1613 1303 extortum.

227 1344 475 1405 LXXI.
527 1347 705 1408 Inter
740 1345 854 1409 has
891 1349 1348 1413 contentiones
1382 1347 1745 1420 Antonius,
1790 1345 2149 1411 insidiose’
2173 1339 2490 1424 Affflssfffy·

118 1426 405 1490 habitum
440 1426 804 1490 animorum
837 1432 1228 1513 speculatus,
1275 1453 1470 1517 quum
1510 1428 1801 1513 coeptari
1841 1449 1980 1491 rem
2015 1430 2113 1491 vi·
2136 1409 2507 1468 'mumum

121 1509 304 1572 deret,
336 1507 429 1570 ad
470 1512 708 1584 multa,
756 1531 919 1596 quae
968 1514 1211 1589 nollet,
1257 1514 1634 1583 valituram,
1693 1509 2117 1592 injiciendum

123 1592 435 1655 celeriter
494 1592 1029 1676 impedimentum
1085 1610 1297 1669 ratus,
1380 1589 2113 1676 audientia-postulata,

124 1676 460 1755 Priusquam
480 1717 500 1749 ,
565 1675 814 1759 inquit,
873 1679 959 1736 uti
992 1676 1207 1759 placere
1238 1678 1516 1762 plerisque
1547 1678 1705 1738 video
1725 1715 1743 1747 ,
1789 1675 1856 1734 de
1889 1675 1996 1736 cae
2021 1695 2118 1737 are

120 1754 417 1838 sententiae
455 1757 758 1828 dicantur3
815 1757 908 1818 hoc
960 1759 1206 1840 equidem
1244 1759 1388 1899 ὶβτὶνὶ
1429 1758 1863 1842 confi'derarique
1897 1777 1929 1815 r
1988 1775 2077 1817 ert
2093 1797 2114 1831 ,

127 1838 254 1919 quod
287 1857 421 1896 tem
455 1838 620 1919 longe
638 1879 656 1909 ‚
702 1857 880 1918 quant
901 1857 1152 1919 putamus
1170 1880 1204 1915 ,.
1273 1845 1421 1902 atius
1462 1839 1792 1924 egrcffitram
1834 1835 2112 1898 molimur.

129 1920 372 1991 Etenim,
410 1914 480 1997 fi*
506 1937 781 1994 tyrannm
797 1918 926 2000 fuit
960 1921 1183 2004 Caesar,
1222 1923 1423 2004 projici
1454 1924 1688 1984 cadaver
1721 1920 1840 1998 cy'us
1875 1918 2116 1999 insepul-

133 2021 234 2061 tun
264 2005 531 2069 convenit
552 2041 570 2074 ,
630 2019 687 2059 et
730 2019 853 2060 acta
897 2003 1153 2084 rescindi.
1245 2005 1503 2067 Ceterum
1550 2021 1672 2063 acta
1722 1998 1970 2082 Caesaris
1987 2043 2005 2074 ,
2049 2019 2118 2062 ut

131 2081 266 2164 [citis
292 2100 485 2140 omnes
502 2125 522 2155 ‚
566 2079 778 2142 nullam
810 2103 917 2144 non
954 2103 1110 2145 terra
1139 2090 1382 2167 marique
1411 2105 1622 2169 partem
1652 2086 1870 2163 imperii
1900 2087 2118 2143 contin-

137 2182 292 2245 gunt:
339 2184 592 2244 quorum
619 2161 877 2248 pleraque
915 2182 1168 2227 revocare
1186 2211 1204 2243 ‚
1249 2187 1317 2227 ne
1337 2165 1401 2250 st
1429 2168 1705 2229 decretum
1738 2163 1957 2245 quidem
1996 2184 2117 2224 cer-

140 2264 333 2323 tumque
368 2247 539 2305 vobis
562 2245 760 2328 foret,
816 2244 1081 2329 poffimus
1098 2271 1116 2308 .·
1183 2250 1246 2310 id
1293 2252 1440 2331 quod
1478 2247 1666 2331 paullo
1710 2243 1828 2328 post
1872 2248 2117 2327 apertius

134 2326 516 2404 demonstrabo.
609 2328 682 2387 In
718 2331 1022 2413 praesentia
1059 2329 1221 2391 velim
1264 2351 1431 2392 mium
1471 2330 1617 2391 illud
1651 2327 1781 2387 mihi
1817 2322 2117 2404 considere.

129 2414 198 2471 tis
215 2450 233 2481 ‚
288 2408 476 2470 levius
523 2414 720 2470 ceteris
737 2452 755 2485 ,
816 2432 873 2471 et
913 2416 972 2471 in
1007 2413 1267 2493 potestate
1314 2414 1497 2493 nostra
1534 2411 1681 2472 haud
1724 2406 1885 2470 dubie
1908 2405 2081 2487 fi‘tum
2096 2429 2118 2470 .·

125 2510 182 2551 nt
219 2494 302 2550 ita
346 2492 579 2553 demum
620 2490 697 2551 ad
737 2511 914 2553 cetera
954 2493 1307 2555 convellenda
1349 2495 1698 2576 accingamini
1716 2534 1734 2567 ‚
1806 2509 1972 2572 quum
2023 2489 2119 2552 boe

126 2571 484 2654 rescideritis.
572 2570 865 2655 ,Quotquot
902 2575 1089 2657 ferme
1121 2574 1314 2658 fiamus
1347 2576 1575 2657 senatus
1611 2577 1885 2656 primores
1905 2614 1924 2647 ,
1982 2588 2120 2652 pro·

115 2655 286 2736 sectos
317 2676 354 2712 a
397 2652 659 2734 Caesaris
693 2661 1024 2717 auctoritate
1070 2656 1415 2739 magistratus
1460 2677 1516 2718 et
1553 2658 1784 2738 imperia
1829 2673 1928 2715 aut
1956 2650 2119 2737 geffi-

128 2757 240 2797 nus
257 2777 276 2809 ,
323 2755 432 2796 aut
460 2740 709 2817 gerimus
729 2777 748 2810 ,
791 2757 892 2799 aut
917 2739 1124 2822 gesturi
1154 2738 1350 2821 paullo
1379 2740 1500 2824 post
1532 2740 1806 2801 videmur.
1903 2735 2001 2798 De
2038 2735 2123 2797 his

120 2816 245 2898 fieri
287 2819 437 2898 quid
474 2816 701 2898 placet?
1484 2860 1489 2865 ι

239 2925 517 2986 LXXII.
585 2923 697 2985 Sic
743 2940 1124 2989 commutata
1168 2927 1410 2990 leviter
1451 2920 1857 3010 quaestione,
1968 2943 2118 2984 uum
2178 2911 2438 2996 00¹⁶'1'111'

125 3024 253 3067 non
295 3005 431 3086 jam
470 3005 556 3066 de
591 3006 903 3081 Caesare,
960 3009 1077 3073 sed
1118 3008 1201 3071 de
1244 3030 1355 3069 sua
1392 3005 1703 3089 dignitate
1727 3046 1744 3077 ‚
1788 2942 2118 3087 inteffiige-
2142 2995 2402 3064 ‘Qum‘
2418 2997 2484 3039 ⁸‘

125 3102 270 3150 rent
303 3087 456 3170 agi,
502 3086 695 3149 velox
733 3089 1088 3152 animorum
1130 3089 1479 3153 conversio
1511 3085 1677 3150 facta
1700 3127 1717 3157 ,
1764 3086 2120 3147 conclama·
2145 3067 2317 3106 ''⁸⁸⁸''

129 3183 397 3254 tumque
420 3211 438 3242 ,
498 3188 607 3228 non
644 3167 745 3247 effe
769 3213 786 3243 ‚
845 3193 946 3231 cur
984 3177 1137 3233 novis
1185 3168 1417 3232 comitiis
1457 3167 1650 3247 populo
1693 3186 1911 3228 creetur
1956 3167 2119 3227 mole-

122 3251 257 3328 flia.-
313 3249 790 3331 praestareftmel
823 3272 1034 3333 accepta
1068 3257 1321 3314 retineri.
1408 3253 1579 3311 Prae
1618 3248 1861 3310 ceteris
1892 3248 2119 3310 tende·
2183 3256 2440 3326 Accepto:
2463 3271 2501 3308 a

133 3331 316 3405 bant,
367 3330 487 3413 qui
527 3347 750 3395 contra
784 3333 970 3418 leges
1004 3356 1036 3395 a
1062 3337 1338 3397 Caesare
1373 3329 1698 3416 producti,
1740 3328 1929 3409 hujus
1967 3350 2118 3391 con·
2150 3327 2379 3379 Cassan
2404 3327 2500 3407 kq·

130 3413 434 3476 demnata
472 3415 819 3488 memoria,
880 3419 1051 3479 nulla
1088 3439 1160 3479 se
1201 3416 1505 3479 videbant
1544 3412 1795 3473 ratione
1833 3412 2004 3474 tueri
2043 3412 2122 3473 il·
2150 3410 2307 3445 ''⁰7‘'
2351 3406 2486 3476 '‘J“

132 3495 257 3557 lius
287 3493 618 3558 beneficia
643 3496 841 3578 poss'e.
886 3520 1051 3583 quos
1081 3498 1255 3561 inter
1283 3496 1509 3560 consul
1531 3492 1892 3564 Dolabella,
1938 3494 2124 3576 quin·
2150 3478 2499 3585 :gxul'm‘

136 3598 259 3661 que
299 3592 374 3640 et
418 3576 654 3659 viginti
690 3599 1002 3643 annorum
1033 3580 1313 3663 juvenis,
1360 3578 1471 3663 qui
1510 3595 1724 3658 neque
1761 3589 2127 3659 praeturam
2290 3565 2311 3586 ⁶

135 3661 451 3741 geffiss'et,
517 3672 584 3720 et
629 3659 697 3718 in
742 3681 987 3725 summo
1030 3662 1187 3726 ess'et
1223 3660 1495 3724 Antonii
1535 3659 1727 3731 odio,
1796 3656 1922 3720 sibi
1958 3656 2132 3720 haud

133 3743 373 3805 leviter
416 3741 770 3803 metuebat.
829 3742 840 3751 ’

251 3850 548 3911 Lxxm.
591 3847 854 3911 Idcirco
888 3867 1089 3912 voces
1128 3847 1387 3912 audires
1421 3828 1982 3921 stomachantium,
2026 3867 2136 3908 non

133 3949 414 3991 contentos
431 3974 448 4004 ,
480 3932 543 4012 si
567 3952 675 3991 non
715 3928 937 4011 pefflmi,
970 3931 1168 4014 saltem
1204 3931 1485 4013 insolentis
1509 3931 1656 4014 fiteti
1681 3932 1962 4014 fautores,
2005 3950 2134 3990 con-

144 4121 573 4284 Affffignl‘xm’
616 4119 758 4181 Dio.
795 4120 1182 4209 PlutAEruto.
1218 4117 1618 4189 Cianum,
1644 4135 1692 4175 ι.
1735 4114 2133 4196 ΟΒΡὼΧΧΠ.
