2675 4642
437 222 529 292 m
568 222 874 292 Locum
913 225 1081 291 LIB.
1125 223 1477 299 CXXXIV.
1520 230 1760 300 mvn.
1989 231 2115 315 677

105 436 271 515 foris
294 440 457 507 tuta,
499 436 672 494 domi
697 438 1037 510 tranquilla
1071 441 1415 514 respublica
1438 445 1586 516 erit}
1637 461 1818 520 quum
1855 466 2102 519 operam
2143 442 2234 497 ·U.
2258 458 2312 497 c.
2351 442 2477 511 ⁴728·

121 506 338 576 dabis,
388 515 453 561 ut
481 525 668 579 neque
684 506 893 578 faciat
920 506 1231 580 injuriam
1266 511 1525 585 vulg-us,
1576 531 1763 584 neque
1796 521 2096 583 patiatur.
2158 512 2229 567 Α·
2250 512 2320 568 C·
2341 530 2427 583 29·

122 580 321 635 Nam.
376 585 440 631 ut
483 576 552 632 in
585 583 821 650 partem
854 578 1102 650 imperii
1135 581 1370 646 veniat,
1423 597 1609 652 neque
1644 587 1766 654 ipsi
1805 586 1992 652 utile,
2020 596 2100 644 'et
2214 581 2225 590 ⁸

120 642 510 712 reipublicae.
537 643 892 701 indecorum
945 655 1050 702 est.
1131 646 1488 705 Indecorum
1529 650 1714 707 dixi!
1767 657 2100 713 exitiosum

117 722 441 788 poteram.-
495 721 556 770 et
582 715 654 770 ob
688 715 800 769 hoc
838 716 1091 781 vitium,
1139 719 1259 772 nisi
1289 725 1351 774 te
1375 720 1621 784 patriae
1659 721 1951 778 vindicem
1988 726 2105 781 Dii

118 783 631 850 commodassent,
674 792 782 838 aut
810 783 976 840 nulli
1000 804 1301 851 essemus,
1340 796 1449 841 aut
1483 790 1596 844 hoc
1630 795 1935 861 tempore,
1973 812 2102 851 non
2180 830 2187 836 -

116 852 327 909 dicam
365 854 661 915 Antonio,
717 852 823 909 sed
861 863 1154 912 externae
1193 855 1477 922 mulieri,
1527 857 1641 912 sed
1662 862 1849 932 regiis
1875 863 2104 934 spado-

117 921 301 976 nibus
332 921 536 978 Roma
569 922 833 985 serviret.
910 924 1038 980 Hoc
1064 925 1222 989 fieri
1268 946 1391 980 non
1428 928 1746 998 potuisset,
1782 931 1921 993 nisi,
1964 952 2100 1005 pro-

114 998 247 1066 pter
283 991 546 1046 nimium
582 993 917 1060 potentiam
951 993 1143 1066 vulgi,
1182 997 1628 1068 magistratus,
1672 1000 1964 1069 imperia,
2005 1020 2101 1058 sa·

118 1057 398 1117 cerdatia
429 1059 705 1117 mercede
723 1065 1157 1132 prostitissent‚
1196 1065 1545 1139 venalisque
1580 1074 1710 1124 tota
1728 1069 1909 1141 facta
1941 1077 2095 1127 esset

118 1127 500 1199 respublica.'
572 1128 685 1186 Hic
720 1132 1035 1203 igiturtot
1064 1133 1436 1190 seditionum
1480 1133 1891 1209 bellorumque
1914 1137 2096 1209 fons,

118 1198 223 1256 hic
255 1196 462 1270 fornes
485 1198 651 1270 fuit,
694 1216 844 1269 quae
877 1208 967 1255 tot
994 1220 1103 1273 per
1134 1220 1328 1260 annos
1365 1206 1690 1275 imperium
1736 1206 2092 1264 exederant.

117 1271 335 1324 Donec
368 1270 538 1324 enim
570 1269 814 1325 modica
856 1270 1063 1342 plebs,
1118 1275 1399 1346 operique
1434 1270 1657 1328 ru'stico
1704 1295 1774 1330 ac
1816 1275 1972 1333 bello
2001 1280 2097 1334 in·

116 1342 311 1399 tenta,
350 1338 614 1392 tractari
639 1359 735 1395 res
767 1340 1029 1398 civitatis
1058 1349 1300 1397 senatus
1330 1342 1590 1397 arbitrio
1622 1344 1768 1398 tulit
1781 1365 1801 1413 ‚·
1843 1355 1895 1400 et
1930 1346 2100 1404 domi

116 1414 323 1462 status
371 1409 636 1477 optimus
668 1407 827 1482 suit,
896 1416 958 1465 et
1006 1413 1211 1466 omnis
1245 1411 1376 1480 fere
1421 1410 1607 1469 Italia
1656 1413 1765 1469 sub
1799 1412 2097 1472 ditionem

104 1473 329 1551 jusque
393 1482 670 1531 nostrum
718 1480 1038 1536 concessit.
1127 1479 1463 1554 Postquam
1514 1489 1718 1537 autem
1761 1486 1993 1553 passim
2038 1491 2098 1541 et

115 1546 436 1601 emisimus
472 1543 780 1614 colonias,
822 1558 884 1605 et
914 1551 1286 1619 recepimus,
1340 1560 1524 1624 atque
1560 1551 1709 1608 haec
1746 1553 1891 1607 urbs
1927 1558 2105 1624 quasi

117 1616 469 1670 communis
505 1616 779 1672 omnium
814 1615 1094 1691 gentium
1128 1614 1340 1691 effecta
1376 1630 1462 1677 est
1496 1619 1807 1678 habitatio
1825 1641 1846 1690 ,·
1874 1620 2102 1693 factio-

114 1702 227 1739 nes
264 1682 435 1739 domi
470 1691 665 1739 natae
699 1705 768 1742 eo
801 1699 1242 1760 processerunt,
1283 1698 1347 1743 ut
1382 1698 1543 1745 totus
1564 1688 1764 1760 ferme
1791 1700 2131 1751 terrarum‹

117 1754 285 1810 orbis
334 1772 652 1810 armorum
706 1764 1057 1813 nostrorum
1112 1758 1597 1831 seditionumque
1641 1759 1910 1814 tumultu
1960 1783 2104 1819 con·

118 1830 542 1897 quassaretur.
616 1826 784 1881 Unde
818 1827 976 1884 mihi
1008 1826 1234 1882 similis
1266 1846 1394 1884 esse
1427 1848 1701 1898 magnae
1726 1832 1872 1884 navi
1898 1831 2103 1887 Roma

115 1894 385 1957 videtur,
426 1910 601 1964 quae,
639 1895 814 1951 varia
848 1895 1082 1968 repleta
1121 1895 1394 1961 colluvie,
1433 1918 1542 1954 nec
1562 1900 1841 1953 idoneum
1869 1900 2104 1957 habens
2142 1907 2149 1915 ⁴

164 1962 623 2029 ubernatorem,
651 1964 945 2033 fluctuat,
975 1974 1043 2022 ‘et
1083 1966 1267 2021 modo
1305 1968 1483 2037 aquis
1519 1969 1931 2031 conflictatur,
1972 1990 2100 2025 mo-

113 1980 194 2089 go
246 2032 529 2087 cautibus
580 2032 917 2099 adliditur,
986 2035 1293 2091 interdum
1346 2040 1413 2093 in
1470 2038 1732 2108 syrtibus
1785 2040 2097 2095 obhaeret.

117 2102 299 2159 Hanc
335 2107 443 2167 tu,
495 2100 679 2158 datus
720 2102 1015 2160 divinitus
1059 2111 1283 2169 rector,
1332 2109 1425 2170 si,
1475 2106 1637 2177 quod
1681 2107 1845 2162 absit
1885 2129 2101 2174 omen,

114 2171 393 2229 deserere
431 2171 732 2240 decreris‚
787 2182 990 2228 actum
1039 2180 1173 2229 est.-
1220 2192 1407 2244 neque
1439 2174 1653 2246 procul
1686 2195 1722 2229 a
1762 2176 2099 2249 naufragio

117 2258 355 2297 sumus.
439 2240 615 2312 Quod
647 2242 848 2314 igitur
882 2242 998 2298 tibi
1027 2242 1365 2316 gloriosum
1387 2283 1403 2307 ,
1460 2243 1831 2313 reipublicae
1868 2246 2101 2301 saluta·
2174 2245 2187 2264 ‘

37 2369 42 2374 ,
115 2331 182 2367 re
217 2312 333 2373 sit,
387 2314 627 2383 suscipe
676 2328 1024 2381 supremum
1066 2309 1279 2386 populi
1319 2313 1595 2383 Romani
1629 2315 1937 2382 regimen.
1992 2321 2102 2371 out

110 2383 322 2455 potius
353 2376 503 2434 olim
533 2389 881 2448 susceptum
902 2388 1058 2436 tene.
1099 2383 1223 2435 Nec
1255 2384 1417 2437 enim
1448 2400 1597 2456 opus
1626 2390 1735 2445 est,
1777 2391 1862 2449 ut,
1901 2402 2101 2456 quem·

119 2447 458 2504 admodum
498 2448 610 2504 hoc
650 2450 1034 2514 adipiscare,
1076 2449 1515 2518 deliberemus-3
1575 2455 1823 2514 nec,.si
1861 2472 1956 2508 me
1995 2472 2100 2507 au-

116 2518 248 2578 dis.
290 2535 373 2573 an
407 2519 665 2576 retinere
695 2518 953 2576 debeas.-
992 2520 1141 2590 quin
1178 2518 1244 2573 id
1275 2522 1511 2588 potius,
1555 2538 1820 2589 quanam
1864 2523 2098 2594 optima

116 2588 365 2644 ratione
427 2590 1083 2662 praestantissimaque
1142 2592 1482 2649 constituas
1532 2590 1858 2663 imperium
1916 2599 2099 2663 atque

109 2658 376 2714 tuearis.·
1352 2669 1357 2678 '

234 2768 536 2833 XXXIV.
584 2778 722 2836 Nisi
758 2777 922 2851 forte
967 2778 1165 2836 credis
1205 2777 1359 2836 utile
1384 2762 1563 2852 fore..
1620 2777 1846 2845 deponi
1879 2784 2092 2861 poten·
2155 2780 2328 2851 Negat
2349 2781 2469 2835 caea

114 2849 311 2906 tiam}
362 2867 545 2922 quam
578 2868 693 2920 ego
727 2868 851 2905 rem
884 2870 962 2904 ne
989 2859 1116 2904 tuto
1152 2850 1392 2918 quidem
1415 2849 1566 2912 fieri
1595 2864 1772 2918 posse
1802 2847 2086 2902 arbttrer.
2122 2853 2245 2905 sari
2265 2865 2445 2924 tutam

114 2917 206 2977 Iis
244 2920 618 2991 temporibus
655 2919 740 2975 ad
773 2918 1214 2992 rempublicam
1256 2917 1619 2979 adcessisti,
1673 2923 1741 2968 ut
1792 2933 2094 2993 necessum
2112 2923 2235 2988 fore
2253 2919 2426 2975 vitam

114 2987 240 3045 tibi
256 2986 464 3059 suerit
498 2988 721 3044 multos
754 2982 1086 3059 offendere.-
1127 3002 1201 3043 ea
1237 3006 1404 3041 nunc
1436 3000 1662 3057 quoque
1692 2990 1837 3037 sunt
1871 2992 2097 3055 tempo·
2119 2991 2418 3062 privatam.

115 3077 225 3123 ra,
262 3064 330 3113 ut
367 3055 545 3113 multi
575 3057 972 3127 cupidissime
1000 3060 1124 3113 sint
1155 3053 1529 3123 adfectaturi
1552 3087 1568 3113 ‚
1621 3070 1795 3121 quem
1843 3051 2098 3123 relique-

109 3130 240 3196 ri's,
294 3125 533 3192 locum3
590 3134 681 3186 et,
735 3129 880 3197 quia
925 3133 983 3183 te
1021 3122 1319 3181 incolumi
1357 3122 1471 3177 hoc
1507 3138 1571 3175 se
1607 3120 1900 3186 perficere
1929 3137 2100 3191 passe
2432 3163 2481 3186 a·

108 3197 565 3262 desperabunt.
619 3195 783 3251 nffiil
819 3198 1023 3263 prius,
1078 3211 1261 3266 quam
1302 3192 1380 3247 de
1409 3199 1512 3245 tuo
1548 3191 1838 3250 interitu,
1877 3188 2099 3246 delibe-

108 3263 383 3322 rabitur.
453 3265 656 3337 Igitur
688 3264 945 3321 illorum
978 3263 1170 3325 odiis,
1216 3260 1434 3315 horum
1470 3256 1948 3328 cupiditatibus,
1986 3278 2103 3313 nu·-

107 3336 268 3392 dum
297 3340 356 3390 te
385 3341 903 3403 exarmatamque
932 3331 1282 3407 objecturus
1307 3331 1416 3385 es?
1448 3339 1765 3396 tamquam
1790 3336 1898 3382 aut
1917 3326 2105 3383 Pom·

102 3399 256 3478 ⁸pey'o
294 3402 446 3458 bene
476 3407 721 3458 cesserit
758 3399 994 3463 relicta,
1034 3420 1218 3469 quam
1257 3398 1522 3456 habebat
1553 3400 1621 3452 in
1656 3396 1960 3481 manibus,
1998 3414 2103 3465 po.

105 3469 346 3531 testas.-
405 3479 515 3526 aut
554 3470 777 3528 Sullae
820 3470 952 3526 alia
972 3469 1196 3542 futura
1211 3468 1477 3540 fortuna
1494 3465 1756 3539 fuisset,
1811 3485 1934 3521 nist
1969 3479 2103 3519 ma·

105 3535 326 3599 'iurum
346 3539 586 3614 satum,
626 3540 717 3596 uel
752 3542 976 3601 etiarn,
1020 3549 1092 3595 ut
1119 3536 1407 3595 nonnulli
1442 3534 1864 3597 crediderunt,
1905 3540 2101 3617 matu·

105 3621 366 3676 ratum,
418 3610 563 3665 huic
605 3629 739 3668 eum
778 3606 1045 3676 periculo
1080 3608 1424 3668 exemisset.
1514 3607 1800 3659 Attamen
1840 3610 1904 3657 et
1934 3619 2101 3656 kus

101 3679 323 3742 ,adhuc
369 3678 576 3736 multa
623 3698 662 3735 a
697 3699 761 3738 se
797 3678 1137 3735 constituta
1176 3675 1422 3751 negligi
1462 3672 1646 3741 vidit,
1693 3669 1994 3744 quaedam
2042 3674 2102 3726 et

112 3750 457 3821 antiquari.

237 3843 508 3908 XXXV.
573 3850 700 3910 Sed
721 3850 1104 3926 judicabunt
1135 3850 1444 3916 homines,
1493 3852 1554 3902 fe
1589 3842 1875 3930 οῑψῖἅῖζῑθ
1909 3843 2097 3910 impe·
2155 3850 2333 3923 Neque
2346 3870 2437 3908 eu·
2466 3891 2472 3908 .

108 3927 199 3983 rii
238 3932 336 3981 act
388 3946 481 3988 m,
533 3920 831 3996 quidquid
870 3939 1054 3978 ausus
1089 3938 1179 3985 es,
1233 3920 1584 3991 suscepisse.
1670 3912 1955 3999 Iudice-nt
1982 3930 2099 3997 ,au-v
2125 3923 2474 3978 randahomi-

105 4005 262 4052 tem.
356 3993 396 4049 d
422 4003 539 4066 sego
570 3991 823 4054 malim,
862 4009 1044 4064 quam
1074 3996 1183 4045 tuo
1217 3987 1574 4060 publicoque
1606 3980 1879 4052 periculo
1904 3998 2253 4067 δωριῑηκηι
2283 4008 2465 4061 praua

112 4066 352 4119 cionem
391 4081 530 4119 eam
570 4059 818 4116 redimi.
896 4057 1063 4135 Quid
1096 4059 1257 4115 enim
1278 4056 1308 4111 ἓ
1357 4077 1439 4113 an
1474 4071 1596 4111 non
1633 4068 1953 4106 commune
1985 4048 2100 4104 ub:
2122 4060 2357 4128 judicia.

107 4134 230 4189 hoc
275 4150 410 4188 cum
454 4129 709 4209 magnis
751 4129 938 4197 viris,
986 4134 1045 4186 et
1083 4127 1337 4203 propius
1372 4126 1630 4185 honesto
1664 4120 1901 4177 crimen
1936 4116 2123 4176 erit?
