2675 4642
656 226 777 309 750
883 222 1288 291 FREINSH.
1315 219 2153 287 SUPPLEMENTORUM
2182 223 2339 288 Lm.
2372 223 2485 284 CI.

313 430 381 485 U.
416 448 470 487 c.
495 432 623 499 «736.
654 433 721 494 in
746 434 889 515 ripa
930 452 1040 492 sua
1082 433 1409 491 Romanos
1446 428 1509 488 in
1559 446 1812 490 crucem
1844 444 2131 510 egerant.
2218 433 2376 493 Hoc
2428 432 2631 493 veluti

311 501 382 555 Α·
406 503 471 558 C·
502 505 587 561 ¹⁶·
649 527 1047 576 sacramento
1079 513 1350 574 collecta
1384 512 1612 592 ingens
1650 532 1867 571 manus
1901 512 2195 574 Rhenum
2236 534 2397 573 mox
2426 527 2631 574 trans·

645 597 857 669 ierat,
916 593 1273 677 vastataque
1314 594 1605 675 proxima
1640 607 1823 674 parte
1867 594 2255 665 Galliarum,
2322 616 2418 656 ne
2470 598 2631 658 Ger-

642 679 846 740 manis
868 676 1125 759 quidem
1145 673 1508 756 jamdudum
1530 674 1960 735 incolentibus
1983 689 2330 756 parcentes
2353 718 2374 749 ,
2448 680 2630 760 equi-

640 773 838 822 tatum
889 761 1322 819 Romanorum
1382 752 1512 815 astu
1562 757 2063 816 circumventum
2121 756 2493 833 fuderunt,
2549 759 2624 819 ad

641 842 785 925 ipsa
814 861 1019 923 usque
1047 838 1244 900 Lollii
1269 834 1482 907 castra,
1527 836 1675 898 dum
1703 837 2101 919 fugientibus
2126 836 2390 913 instant,
2438 861 2624 923 prae-

638 937 746 984 ter
783 921 1186 1005 propositum
1223 918 1509 981 deducti.
1593 922 1754 978 Tum
1786 938 1981 989 vero,
2030 917 2368 1003 postquam
2402 922 2622 1005 perni.

640 1006 889 1066 ciosum
938 1003 1066 1065 sibi
1103 1003 1390 1063 futurum
1441 1019 1734 1060 errorem
1774 1000 2036 1072 videre,
2110 1001 2166 1061 si
2201 1000 2628 1076 faterentur,

640 1085 869 1149 eodem
910 1085 1156 1166 impetu
1192 1082 1466 1143 Lollium
1510 1096 1957 1145 occurrentem
1997 1080 2279 1163 adgrelli
2306 1125 2323 1156 ‚
2376 1085 2620 1165 majore

637 1182 849 1231 tamen
895 1164 1279 1248 ignominia,
1327 1183 1510 1246 quam
1559 1163 1760 1233 clade,
1804 1163 2223 1245 repulerunt3
2274 1166 2506 1248 aquila
2537 1168 2619 1226 le·

639 1249 854 1333 gionis
890 1249 1148 1330 quintae
1183 1245 1395 1328 potiti.
1463 1245 1665 1328 Igitur
1695 1243 2044 1326 Augustus,
2093 1267 2203 1305 sua
2243 1248 2618 1330 praesentia

640 1352 805 1414 opus
854 1329 980 1391 ess'e
1039 1327 1397 1390 existimans
1426 1369 1443 1398 ,
1513 1347 1703 1409 quem
1752 1326 2013 1389 interim
2062 1326 2212 1387 urbi
2261 1327 2617 1412 Italiaeque

636 1409 1062 1495 praeficeret,
1106 1410 1454 1471 dubitabat.
1497 1412 1584 1469 Μ.
1632 1409 1932 1471 Valerius
1968 1409 2292 1481 Meffana,
2358 1412 2616 1492 praese.

637 1507 857 1555 cturae
892 1512 1121 1555 nomen
1165 1492 1288 1553 sibi
1323 1490 1534 1573 primo
1574 1488 1850 1554 delatum
1884 1489 2018 1585 post
2053 1509 2301 1572 paucos
2331 1491 2485 1553 dies
2515 1492 2614 1552 de·

635 1588 984 1658 posuerat,
1048 1571 1419 1658 potestatem
1466 1572 1724 1632 nimiam
1778 1584 1842 1632 et
1887 1572 2220 1633 incivilem
2260 1573 2612 1635 exercendi

635 1658 919 1718 nescius.
948 1660 1035 1717 M.
1068 1657 1421 1739 Agrippam
1461 1654 1527 1713 in
1569 1654 1814 1748 Syriam
1847 1653 2217 1716 remittebat
2245 1675 2262 1714 ε
2330 1657 2408 1716 C.
2443 1661 2611 1716 Mae-

638 1753 927 1800 cenatem
967 1738 1264 1799 comitem
1304 1750 1442 1797 erat
1481 1734 1816 1795 habiturus
1864 1733 1948 1794 ob
1994 1736 2454 1798 Terentillam.
2502 1736 2614 1798 sed

533 1858 540 1865 -
640 1834 706 1881 ct
741 1820 1112 1891 Tiberium,
1159 1837 1533 1902 quamquam
1567 1815 1875 1876 urbanum
1909 1830 2283 1897 praetorem
2308 1858 2324 1889 ,
2392 1817 2611 1881 ductu-

638 1922 751 1961 rus
786 1901 852 1961 in
890 1902 1162 1963 Galliam
1195 1912 1368 1974 erat3
1434 1916 1642 1982 eoque
1680 1919 1801 1980 per
1841 1898 2122 1958 Drusum
2166 1897 2447 1985 impleri
2489 1921 2610 1963 ma·

311 2016 570 2071 stamus
639 1980 961 2064 gistratum
991 1980 1797 2054 illum-senatusconsulto
1832 1979 2250 2061 interposite,
2301 1982 2606 2045 voluerat.

287 2085 619 2139 ramnum·
641 2064 893 2126 Idcirco
949 2063 1266 2125 Statilium
1314 2065 1631 2132 Taurum,
1678 2081 1895 2122 senem
1947 2060 2456 2144 triumphalem,
2519 2063 2607 2125 di-

276 2155 613 2225 praaeficimr.
642 2165 833 2228 gnum
868 2164 945 2205 eo
984 2145 1130 2205 loco
1163 2143 1451 2214 censuit,
1517 2141 1697 2223 cujus
1725 2140 2078 2204 ministerio
2115 2143 2184 2202 in
2224 2145 2606 2226 gravissimis

642 2227 927 2310 negotiis
964 2248 1118 2288 usus
1155 2225 1401 2290 fuerat:
1449 2237 1581 2311 nec·
1619 2224 1845 2305 judieii
1877 2223 2078 2287 falsus
2118 2221 2230 2287 est.

765 2334 842 2393 L.
895 2331 1075 2413 Quae
1104 2351 1231 2393 nox
1260 2330 1466 2413 prima
1500 2329 1974 2413 profectionem
2005 2331 2308 2394 Caesaris
2348 2349 2610 2417 sequuta

647 2414 770 2486 est,
816 2414 1116 2474 incendio
1159 2413 1384 2473 urbem
1418 2413 1768 2485 exterruit,
1815 2432 1943 2498 quo
1971 2414 2347 2476 ,Iuventatis
2385 2416 2455 2475 in
2494 2418 2610 2479 Ve-

643 2498 730 2557 lia
780 2497 1085 2578 templum
1126 2495 1317 2557 arsit:
1379 2509 1446 2556 et
1492 2493 1710 2577 paullo
1759 2508 1941 2566 ante,
2004 2508 2275 2577 praeter
2322 2518 2406 2559 ea
2461 2518 2608 2582 quae

645 2598 837 2660 supra
890 2576 1420 2659 memoravimus,
1481 2575 1671 2657 lupus
1721 2577 1827 2636 via
1865 2577 2058 2639 Sacra
2098 2577 2168 2637 in
2204 2576 2441 2640 forum
2512 2602 2612 2643 ro·
2674 2602 2675 2655 ᾗ

644 2671 972 2727 currerat,
1017 2657 1382 2718 hominibus
1433 2658 1678 2755 aliquot
1717 2657 1971 2722 occisis.
2013 2677 2135 2719 nec
2180 2661 2429 2756 procul
2460 2721 2465 2726 .
2500 2684 2607 2725 oro

641 2760 865 2822 magna
912 2733 1012 2800 vis
1048 2738 1502 2813 formicarum,
1544 2759 1614 2801 m
1650 2740 1933 2821 speciem
1975 2739 2250 2821 agminis
2293 2742 2380 2803 ad
2425 2765 2609 2826 proe-

640 2822 812 2883 lium·
837 2822 1090 2892 euntis,
1153 2841 1222 2882 se
1279 2819 1800 2904 conglobaverat.
1883 2820 2062 2885 Haec
2098 2820 2418 2907 prodigia
2462 2827 2608 2888 alio·
2672 2866 2673 2901 3

642 2924 785 2963 rum
816 2903 1153 2985 pietatem,
1208 2901 1479 2963 aliorum
1515 2899 1941 2963 adulationem
1983 2903 2457 2979 adverterunt,
2517 2929 2610 2970 se-

642 2997 954 3067 natusque
988 2984 1345 3045 consultum
1377 2983 1612 3044 factum
1635 3024 1650 3054 ,
1701 2984 1797 3040 uti
1825 3003 1936 3058 pro
1967 2983 2170 3041 reditu
2214 2986 2494 3062 Augusti
2526 3010 2607 3046 υο-

643 3073 709 3121 ta
745 3068 1205 3141 susciperentur.
1275 3065 1538 3125 Interim
1567 3078 1632 3125 et
1652 3065 2160 3148 quinquennales
2189 3061 2422 3142 ludos,
2467 3089 2606 3153 pro·
2670 3094 2671 3125 4

641 3154 790 3224 pter
843 3142 1054 3224 princi
1101 3157 1270 3204 atum
1324 3147 1463 3228 ejus
1507 3158 1730 3218 votos,
1795 3149 1883 3207 M.
1915 3145 2205 3230 Agrippa
2249 3150 2467 3224 fecit,
2517 3172 2613 3212 re·
2670 3162 2671 3181 l

651 3241 804 3284 cens
865 3223 929 3292 in
981 3242 1057 3283 co
1086 3225 1323 3308 legium
1372 3227 1784 3317 quindecim,
1853 3225 2031 3305 cujus
2077 3242 2213 3289 tum
2260 3231 2456 3296 vices
2512 3253 2605 3295 cu·
2670 3226 2671 3239 ¹

648 3304 833 3365 randi
871 3302 1055 3365 ludos
1086 3325 1200 3369 eos
1234 3325 1416 3372 erant
1440 3351 1457 3386 ,
1502 3309 1792 3373 virorum
1826 3320 2185 3396 cooptatus.

316 3405 603 3490 Dalmqtae-
768 3412 871 3474 LI.
915 3409 1173 3473 Circum
1215 3413 1375 3476 haec
1413 3429 1705 3510 tempora
1752 3429 1972 3477 contra
2010 3430 2241 3497 gentes
2287 3419 2603 3503 Inalpinas

213 3528 230 3567 ‚2
281 3490 401 3527 rum
435 3476 572 3527 atra·
647 3491 813 3554 bene
846 3507 1189 3575 pugnatum
1213 3494 1300 3557 est
1331 3519 1368 3557 a
1404 3499 1477 3557 P.
1502 3495 1690 3569 Silio,
1738 3498 2129 3578 Camunique
2161 3512 2231 3560 et
2263 3500 2604 3566 Vennone-

276 3560 622 3670 3ῗὲκῇΖῖ
651 3589 746 3636 tes
795 3574 911 3635 sub
950 3577 1292 3656 imperium
1333 3579 1559 3661 populi
1612 3579 1885 3639 Romani
1922 3579 2189 3640 redacti.
2279 3581 2466 3644 Idem
2518 3586 2606 3645 Si-

647 3657 772 3717 lius
828 3670 893 3717 et
933 3655 1347 3734 Pannonios,
1408 3659 1761 3743 adsumptis
1813 3660 2073 3722 Noricis
2106 3660 2355 3724 Istriam
2405 3665 2605 3727 incur·

649 3751 901 3811 santes,
965 3757 1086 3820 per
1131 3759 1201 3801 se
1243 3754 1311 3807 et
1348 3742 1596 3826 legatos
1641 3763 1794 3805 suos
1839 3741 1928 3804 ita
1965 3741 2258 3819 domuit,
2328 3760 2407 3808 ut
2441 3748 2599 3834 pacis

711 3939 860 4011 Cap.
898 3944 1086 4000 XLIX.
1143 3945 1522 4001 Sueton.'Au
1568 3985 1583 4000 .
1617 3948 1702 4006 23.
1745 3950 1887 4005 Tae.
1937 3948 2090 4005 Anu.
2130 3968 2187 4020 ι,
2228 3943 2325 4008 1o'.
2374 3952 2529 4009 Vell.
2560 3968 2594 4011 ἡ

641 4019 742 4134 33¹
767 4009 899 4148 υἱὲ).
940 4015 1082 4152 {aaz
1109 4013 1373 4141 ‘⁴1:¹⁰5f223'
1399 4034 1419 4068 ι
1416 4036 1492 4141 11)¹
1495 4102 1531 4141 ο
1571 4017 1737 4075 usal).
1777 4017 1998 4076 Chron.
2031 4019 2174 4077 Dio.
2215 4023 2364 4081 Tac.
2401 4022 2591 4097 Supra.

749 4115 764 4143 ,
873 4117 888 4131 .
1087 4117 1103 4137 .
1187 4119 1204 4140 .
1365 4119 1389 4140 .
1537 4122 1554 4141 .
