2675 4642
482 260 566 322 IN
592 255 896 322 Locum
933 260 1096 323 Lm.
1129 259 1324 325 CXII.
1359 259 1591 328 mvn.
1929 260 2047 326 123

162 468 406 552 etBogud
451 468 652 532 adorti
709 468 881 531 haud
932 470 1203 532 multum
1252 468 1567 545 abfuere,
1639 470 1795 557 quin
1833 489 2043 557 opere
2101 473 2175 532 U.
2204 494 2261 535 c.
2285 479 2411 550 704.

159 564 574 716 ffitrgggietreut.
633 570 850 637 neque
881 564 1097 620 tamen
1130 547 1375 636 d'epelli
1408 553 1490 616 ab
1523 574 1729 639 opere
1761 554 2040 619 Marcel·
2097 546 2178 604 A·
2199 548 2268 606 G·
2291 549 2382 620 48·

231 741 413 802 XLIX.
464 739 747 804 Tandem
782 744 870 808 M.
902 740 1196 825 Lepidus
1236 759 1317 803 ex
1350 740 1665 805 citeriore
1697 743 2035 843 Hispania,
2099 755 2411 819 Seianum

167 843 277 905 quam
307 822 610 884 ohtinebat
637 823 1022 908 legionariis
1050 822 1435 886 cohortibus
1456 824 1724 909 triginta
1793 841 2038 913 umque
2060 826 2423 896 “dm“l‘fl·
2448 833 2456 856 ¹

166 924 421 989 magnoque
461 905 747 1003 equitatu
796 919 863 969 et
911 905 1297 967 auxiliorum
1341 926 1650 980 numero,
1712 930 1746 990 a
1825 909 1920 972 uit
1961 929 2038 974 ca
2060 894 2380 968 ‘’wult-

161 1001 328 1059 mente,
382 1002 447 1050 ut
491 1008 630 1050 sine
686 984 895 1051 studio
948 1000 1015 1049 et
1062 987 1161 1049 ira
1211 991 1700 1055 controversias
1744 989 2037 1071 ejusdem

159 1068 636 1153 partisjiominum
694 1082 1141 1153 componeret.
1224 1072 1311 1132 Et
1362 1072 1712 1135 Marcellus
1769 1071 2037 1159 quidem

160 1152 245 1212 sine
270 1153 614 1236 exceptione
655 1154 875 1235 paruit
912 1151 1324 1229 advenienti3
1383 1153 1628 1216 Cass'ius
1669 1175 1884 1218 moras
1919 1177 2037 1220 ne-

157 1233 323 1294 ctebat:
361 1254 586 1318 eoque,
628 1248 704 1295 ut
736 1247 1030 1318 putatur,
1077 1233 1386 1307 conscio,
1433 1235 1553 1296 sub
1593 1237 1803 1299 oculis
1833 1239 2037 1324 Lepi-

157 1309 490 1388 dicastellum,
533 1315 711 1400 quod
731 1317 1081 1379 Marcellus
1116 1316 1263 1399 regi
1300 1314 1652 1398 objecerat,
1701 1338 1875 1404 oppu
1967 1341 2036 1381 a·
2355 1369 2378 1376 -

88 1401 89 1404 ’
155 1409 237 1457 tum
257 1394 341 1458 est.
391 1398 547 1492 Quia
581 1411 798 1460 tamen
825 1396 1129 1461 resistere
1161 1411 1262 1461 tot
1293 1399 1667 1481 legionibus
1698 1421 1899 1486 nequi
1946 1415 2032 1476 at,
2089 1427 2154 1494 q,
2181 1427 2367 1484 σπῆι

88 1523 89 1526 ,
156 1479 413 1563 eodemque
454 1494 753 1565 tempore
797 1482 868 1543 C.
910 1480 1285 1542 Trebonius
1333 1501 1461 1565 pro
1507 1482 1814 1557 consule,
1875 1504 2034 1569 pro-
2056 1494 2335 1554 §aemma

156 1563 343 1622 vinciam
376 1576 433 1624 et
463 1563 823 1625 exercitum
861 1575 1284 1646 accepturus,
1325 1561 1651 1638 veniebat,
1697 1565 2030 1650 (namque,

156 1640 306 1724 legatis
341 1646 678 1727 Hispaniae
723 1644 993 1726 injurias
1037 1644 1536 1719 deferentibus,
1602 1647 2035 1711 success'orem

161 1725 291 1786 camo
315 1726 553 1788 miserat
580 1728 862 1804 Caesar)
892 1727 1174 1788 liberum
1217 1726 1458 1789 abitum
1497 1741 1761 1813 pactus,
1806 1749 2044 1792 navem

160 1808 460 1880 conscendit,
502 1821 568 1870 et
606 1809 674 1869 in
714 1808 873 1871 ollio
901 1807 1190 1890 fluminis
1217 1809 1396 1873 Iberi
1435 1830 1577 1874 cum
1613 1810 1862 1896 rapinis
1896 1812 2032 1874 suis

162 1887 416 1971 tempestate
447 1889 532 1952 cst
563 1891 864 1953 obrutus.

235 1995 284 2056 L.
329 1997 422 2060 Sic
468 2019 502 2058 a
551 1996 808 2081 magnis
860 1996 1020 2059 belli
1069 1996 1266 2079 minis
1310 1996 1628 2080 Hispania
1683 2018 1907 2083 parum
1959 2019 2036 2062 er

173 2074 335 2156 quievit.
416 2080 657 2143 Cass'ius
712 2080 886 2142 enim
927 2080 1131 2158 (tanta
1177 2093 1318 2142 crat
1361 2079 1645 2141 bominis
1689 2099 1890 2142 vecor
1937 2081 2034 2161 ia)

169 2158 339 2235 gellillet
366 2176 423 2224 et
452 2182 595 2226 cum
628 2161 968 2230 Trebonio
1006 2162 1270 2235 bellum,
1314 2162 1372 2223 si
1394 2161 1736 2245 Bogudem
1769 2159 2034 2227 trahere

163 2235 519 2306 insacietatem
562 2242 817 2306 furoris
855 2245 1182 2327 potuiss'et.·
1265 2247 1357 2305 M.
1401 2244 1789 2316 Marcellus,
1855 2243 2033 2327 quod

88 2345 91 2392 θ
160 2338 206 2379 se
233 2327 449 2407 tempori
490 2325 998 2389 accommodass'e
1040 2325 1221 2388 visus
1267 2339 1441 2399 erat,
1507 2326 1720 2422 primo
1765 2326 2032 2411 quidem

156 2398 302 2464 iratum
333 2422 620 2491 expertus
667 2411 1043 2481 Caesarem,
1099 2407 1332 2491 procul
1370 2421 1576 2491 patria
1616 2407 1813 2470 vitam
1852 2408 2028 2493 egit:

154 2481 288 2619 plofiea
311 2501 493 2552 tamen
526 2504 876 2553 revocatus
906 2488 1196 2551 honores
1236 2489 1427 2552 etiam
1463 2491 1654 2573 petiit
1686 2490 2025 2575 gessitque.

192 2585 241 2627 oc
267 2573 494 2633 maxime
533 2570 732 2634 modo
772 2571 1227 2656 Hispaniensis
1269 2585 1483 2636 motus
1522 2572 1776 2647 acrior,
1834 2592 2027 2657 quem

155 2649 475 2727 pertinacior,
517 2654 710 2716 initia
755 2651 1081 2739 finemque
1116 2650 1363 2716 habuit.

224 2757 299 2818 LI.
341 2763 403 2820 ln
435 2761 693 2843 Illyrico
731 2760 993 2842 majoris
1032 2759 1363 2844 aliquanto
1401 2758 1838 2823 dimicationis
1881 2779 2022 2822 rem
2081 2765 2287 2837 Illyria,

155 2834 202 2894 ll·
221 2836 467 2905 Octavius
494 2842 831 2905 effecerat.
901 2845 1061 2904 Eam
1091 2840 1498 2925 provinciam
1524 2841 1605 2922 Q.
1630 2839 2024 2904 Cornificius
2049 2835 2215 2892 l'‘¹¹⁸⁸-

156 2917 359 2984 Caesaris·
400 2923 692 3009 quaestor
747 2944 870 3008 pro
921 2938 1230 3009 praetore
1285 2923 1553 2986 fortiter
1605 2923 2028 3008 feliciterque

156 2996 411 3089 pbtinebat,
452 3009 660 3104 captis
703 3008 894 3068 etiam
935 3006 1154 3068 multis
1194 3005 1455 3068 Octavii
1493 3005 1787 3079 navibus,
1832 3027 2031 3090 quum

156 3098 188 3138 u
210 3103 263 3143 ex
281 3086 618 3152 Pharsalica
652 3089 806 3173 fuga
843 3089 913 3149 in
947 3088 1157 3162 sinum
1185 3086 1589 3150 Jadertinum
1630 3108 1702 3148 sc
1735 3088 2032 3172 recepis-

161 3175 225 3222 set.
265 3168 332 3229 At
355 3171 604 3243 Caesar,
649 3171 1011 3243 intellecto,
1056 3169 1295 3231 multos
1327 3167 1602 3230 hostium
1637 3169 1721 3230 ob
1751 3170 2026 3254 propin·

163 3246 362 3382 {itatem
408 3253 700 3315 locorum
740 3253 1062 3334 Illyricum
1158 3251 1374 3323 etiss'e,
1439 3251 1667 3334 ibique
1708 3250 2029 3334 colligere

187 3325 383 3409 ‘spei-sas
416 3355 676 3395 suorum
712 3334 1047 3417 reliquias,
1155 3376 1171 3394 .
1197 3332 1479 3395 Gabinio
1511 3335 1890 3417 scripserat,
1929 3332 2029 3395 uti

160 3423 238 3468 eum
259 3413 592 3497 legionibus
627 3416 911 3478 tironum
934 3459 952 3489 ,
984 3437 1158 3500 ,quas
1195 3414 1500 3490 babebat,
1547 3414 1870 3497 Illyricum
1905 3433 2025 3499 pe·

156 3497 285 3565 teret,
342 3498 665 3578 conjuncta
724 3518 867 3560 cum
920 3495 1280 3560 Cornificio
1336 3517 1538 3581 opera
1590 3496 2024 3578 defensurus3

154 3577 435 3640 transiturus
468 3579 760 3665 quinimo
801 3581 868 3641 in
892 3579 1379 3652 Macedoniarn,
1425 3580 1480 3641 si
1518 3599 1627 3641 res
1656 3591 2024 3662 patei-etun

153 3656 307 3717 namin
329 3661 692 3724 Macedonia
727 3677 1105 3725 renovatum
1148 3662 1235 3722 iri
1269 3660 1509 3723 bellum
1531 3704 1549 3736 ,
1591 3661 1876 3723 nondum
1914 3675 2029 3723 co-'

154 3734 259 3812 gnita
288 3742 558 3828 Pompeii
613 3745 806 3829 fuga,
864 3743 1254 3807 crediderat.
1399 3823 1400 3826 Ἴ
1545 3805 1550 3812 ,

222 3837 319 3900 LII.
359 3842 477 3904 Sed
506 3843 874 3917 Gabinium,
918 3842 1200 3927 peritum
1234 3841 1394 3903 belli
1420 3840 1772 3915 hominem,
1817 3855 1884 3904 et
1910 3840 2025 3902 ha·
2085 3824 2315 3945 §ehtn
2334 3841 2370 3877 ⁸

156 3924 302 3980 etenus
342 3921 540 3988 felicis
586 3925 931 3999 audaciae,
990 3927 1277 3987 Fortuna
1332 3924 1496 3985 adeo
1552 3920 1869 3996 destituit,
1929 3936 2020 3995 ut,
2046 3907 2384 4015 {33:321

157 3997 278 4059 multa
308 4007 713 4096 nequidquam
753 4022 1055 4081 conatuS,
1100 4008 1312 4080 amiss'a
1351 4026 1574 4090 magna
1611 4018 1798 4091 parte
1836 4025 2022 4088 exer·
2037 4032 2251 4099 sensu,

193 4152 358 4229 GapJ„
382 4163 500 4223 Liv.
531 4169 573 4225 1.
601 4187 716 4227 ua.
750 4159 912 4245 apud
935 4161 1117 4225 Prisc.
1148 4165 1191 4223 l.
1210 4166 1264 4226 6.
1305 4162 1447 4223 Dio.
1511 4163 1663 4237 Cap.
1698 4162 1792 4218 LI.
1830 4156 2004 4221 nix-t..
