2675 4642
494 972 503 999 Ι

682 850 1337 983 ’,ἐΡῙΤοο
1408 898 1647 978 ΜΕ*

215 1071 530 1134 LIBRI
585 1070 1186 1134 CENTESIMI
1228 1071 1737 1137 VIGESIMI
1776 1069 2208 1170 QUINTI-

1731 1210 1748 1237 Ι

255 1296 334 1366 0.
381 1298 696 1386 Caesar,
747 1300 997 1366 relicto
1032 1299 1384 1384 Antonio,
1433 1276 1976 1371 transmarinae
2012 1305 2300 1389 provin-

14 1444 15 1447 *
110 1424 257 1490 :iae
301 1446 394 1490 ex
428 1436 636 1511 parte
679 1427 1062 1513 imperium
1112 1402 1173 1492 ei
1215 1427 1470 1498 cessit.-
1513 1446 1842 1495 reversus
1884 1432 1956 1496 in
1995 1428 2298 1498 Italiam

113 1553 470 1618 veteranis
508 1572 723 1642 agros
762 1549 1020 1620 divisit.
1100 1550 1500 1619 Seditiones
1535 1555 1891 1643 exercitus
1918 1557 2064 1640 sui,
2081 1554 2094 1577 “
2109 1570 2299 1642 quas

116 1681 431 1764 corrupti
477 1702 522 1746 a
558 1679 859 1765 Fulvia,
915 1684 1024 1748 M.
1066 1680 1366 1747 Antonii
1408 1698 1679 1765 uxore,
1731 1681 2001 1747 milites
2044 1681 2296 1748 adver-

116 1798 793 1892 sus'imperatorem
839 1825 1061 1872 suum
1110 1807 1689 1894 concitaverant,
1741 1827 1912 1875 cum
1944 1808 2151 1899 gravi
2177 1828 2301 1899 pe-

118 1931 344 1999 riculo
385 1931 722 2002 inhibuit.
803 1933 888 2000 La
917 1918 1282 2001 Antonius
1321 1933 1601 2018 consul,
1657 1937 1766 2000 M.
1806 1933 2106 2000 Antonii
2135 1931 2301 2013 fra-

181 2126 242 2181 C.
283 2126 561 2193 Caesar,
614 2125 838 2183 relicto
871 2124 1173 2190 Antonia,

120 2196 593 2251 transmarinae
666 2195 1027 2268 provinciae
1097 2213 1180 2261 ex

120 2272 296 2332 parte
326 2267 672 2346 imperium
695 2269 761 2319 ei
782 2265 988 2323 cessit]
1012 2265 1176 2343 Itque

122 2341 518 2387 transmarina
574 2351 692 2387 una
749 2340 878 2386 erat
933 2348 1179 2402 provin·

125 2400 207 2453 cia
225 2437 243 2468 ,
285 2403 459 2470 cujus
490 2412 723 2474 partem
752 2398 865 2454 sibi
896 2399 1176 2469 retinuit,

122 2482 353 2541 partem
385 2471 653 2525 Antonio
701 2468 876 2524 cessit
910 2467 1180 2524 Octavia·

123 2539 269 2592 nus?
305 2539 473 2595 Gud.
512 2538 983 2596 Caesarrelicto
1004 2548 1180 2596 trans

123 2624 293 2664 mare
356 2611 633 2665 Antonio
686 2609 1046 2680 provinciae
1102 2626 1182 2663 ex

124 2687 298 2745 parte
336 2679 600 2750 imperii
633 2679 880 2752 positae
914 2679 1177 2735 recesse-

122 2755 240 2802 rat.
277 2749 440 2802 Voss'.
483 2749 715 2803 Caesar
748 2744 975 2803 relicto
1006 2754 1182 2802 trans

124 2834 296 2872 mare
326 2818 605 2872 Antonio
638 2834 699 2889 p.
734 2832 789 2869 e.
823 2834 879 2886 p‹
930 2813 1182 2889 imperii

121 2893 439 2956 potestate
486 2892 851 2956 recesserat.
906 2884 1178 2957 Denique

124 2954 383 3009 Barber.
424 2964 485 3008 et
516 2952 674 3008 oud.
709 2953 892 3006 alter:
952 2953 1182 3008 Caesar

126 3023 348 3079 relicto
417 3032 594 3079 trans
648 3040 823 3079 mare
873 3022 1181 3088 Antonia,

127 3111 284 3166 quae
326 3094 694 3165 provinciae
739 3094 818 3147 eti:
852 3099 1034 3166 parte
1069 3090 1181 3145 im·

123 3162 283 3235 perii
370 3169 686 3234 potestate
771 3164 1178 3216 recesserunt.

129 3229 374 3288 Scribe:
433 3230 698 3297 Caesar,
749 3228 974 3285 relicto
1008 3235 1183 3282 trans

126 3318 299 3357 mare
337 3300 646 3373 Antonio,
700 3299 890 3372 (quae
935 3296 1180 3369 provin·

128 3373 263 3427 tiae
302 3387 388 3423 ea:
418 3377 602 3440 parte
639 3368 894 3441 imperii
924 3371 990 3424 in
1016 3373 1182 3440 pote·

126 3446 359 3495 statem
398 3436 538 3513 ejus
566 3438 917 3503 cesserant)
962 3438 1027 3493 in
1055 3437 1185 3493 Ita·

128 3508 283 3563 liam
325 3524 635 3562 reversus.
690 3505 1006 3561 Suetonius
1045 3508 1185 3565 [Au-

131 3578 268 3648 gusti
312 3576 424 3636 13]
463 3576 736 3634 Partitis
771 3582 914 3646 post
944 3573 1188 3629 victori-

134 3663 236 3700 am
279 3638 554 3715 officiis,
612 3663 754 3701 cum
786 3644 1093 3699 Antonius
1129 3661 1188 3697 o·

130 3716 401 3769 rientem
435 3713 894 3783 ordinandum,
932 3713 1063 3784 ipse
1098 3728 1194 3765 ve-

131 3790 386 3839 teranos
409 3784 479 3838 in
500 3781 765 3838 Italiam
784 3778 1191 3845 reducendos,

133 3862 195 3908 et
233 3849 739 3924 municipalibus
785 3851 961 3923 agris
1001 3847 1190 3904 collo-

136 3920 371 3977 candos
398 3922 760 3993 recepisset.
799 3923 851 3975 J.
870 3917 989 3972 FB.
1010 3917 1194 3999 GRQ-

135 3989 313 4046 NOV:
349 3988 623 4044 Caesaris
638 3992 1193 4062 praenomen-omit.

137 4067 261 4113 tunt
279 4077 513 4126 omneS,
553 4076 703 4130 quos
723 4057 983 4122 adhibui,
1016 4053 1190 4109 codd.

141 4145 264 4180 eum
296 4131 439 4183 Exe.
461 4128 713 4192 Pithoni,
752 4139 810 4183 et
827 4125 923 4199 ed.
946 4131 1193 4196 Campa-

143 4197 221 4255 ni.
265 4196 424 4258 Vide
459 4197 536 4254 ad
564 4197 802 4255 initium
829 4196 985 4271 Epit.
1017 4211 1191 4266 prae·

1247 2123 1530 2182 cedentis.
1548 2129 1866 2200 Praeterea
1883 2126 2109 2184 relicto
2124 2134 2302 2183 trans

1245 2213 1423 2252 mare
1444 2194 1739 2261 Antonio.
1760 2215 1921 2269 quae
1939 2197 2302 2269 provinciae

1249 2283 1335 2320 ει·
1360 2275 1543 2339 parte
1577 2266 1832 2332 imperii
1861 2273 2177 2338 potestate
2209 2283 2306 2320 re-

1249 2342 1566 2391 cesserant
1610 2333 1774 2391 Leid.
1840 2334 2063 2393 relicto
2124 2343 2300 2390 trans

1247 2421 1425 2459 mare
1472 2404 1741 2461 Antonio
1799 2404 2156 2477 provinciae
2222 2421 2304 2458 ex·

1246 2479 1431 2545 parte
1466 2474 1720 2547 imperii
1757 2474 2005 2546 positae
2040 2489 2306 2528 recesse-

1249 2540 1398 2597 rant
1414 2542 1565 2615 Berg
1605 2553 1662 2596 et
1677 2543 1874 2597 Lava.
1889 2540 2112 2597 relicto
2127 2548 2305 2597 trans

1250 2615 1429 2665 mare
1444 2611 1713 2667 Antonio
1742 2631 1823 2667 ex
1845 2618 2028 2685 parte
2047 2613 2133 2666 im
2181 2608 2305 2666 erii

1292 2686 1562 2736 otestate
1590 2689 1932 2737 recesserat
1947 2682 2112 2734 Boen
2166 2718 2180 2733 .
2211 2697 2312 2733 re-

1277 2750 1404 2804 icto
1438 2754 1613 2805 trans
1647 2767 1823 2805 mare
1855 2742 2126 2806 Antonio
2166 2767 2305 2818 pro·
2398 2800 2406 2823 ,

1251 2818 1492 2874 vinciae
1513 2818 1603 2874 'ex
1631 2828 1815 2891 parte
1844 2818 2099 2883 imperii
2132 2825 2303 2886 pote·

1248 2893 1417 2943 state
1460 2894 1804 2944 recesserat
1858 2888 1992 2940 Exc.
2045 2885 2302 2940 Pithoei.

1249 2954 1473 3011 relicto
1495 2962 1670 3017 trans
1687 2973 1861 3011 mare
1875 2958 2144 3015 Antonio
2164 2956 2312 3022 pro·

1250 3024 1492 3091 vinciae
1520 3043 1599 3079 ex
1625 3035 1809 3097 parte
1828 3023 2081 3096 imperii
2103 3026 2162 3080 ei
2179 3040 2303 3078 ces-

1249 3100 1423 3149 serat
1456 3089 1549 3145 ed.
1582 3096 1785 3164 Camp.
1828 3091 2120 3148 Gronovii
2167 3109 2308 3147 con-

1249 3161 1534 3230 jecturam
1578 3163 1797 3232 prohat
1819 3162 2041 3216 Glariss'.
2066 3159 2309 3216 Crevie-

1251 3229 1394 3293 riu8‚
1427 3227 1539 3285 nisi
1558 3231 1719 3300 quod
1740 3230 1901 3283 malit
1919 3249 1999 3286 ex
2014 3228 2307 3302 partitia-

1251 3318 1328 3355 ne
1360 3300 1633 3373 imperii.
1693 3298 1856 3373 quod
1898 3298 2074 3353 etiam
2104 3297 2305 3352 verius

1252 3366 1512 3425 videtur.

1322 3439 1616 3508 Cor-rupti
1647 3455 1683 3491 a
1714 3436 1951 3503 Fulvia,
1992 3438 2084 3492 M.
2118 3435 2311 3490 Anto·

1257 3508 1350 3563 nii
1370 3514 1587 3568 uxore]
1613 3508 1879 3562 correcti
1897 3506 2053 3560 Voss'.
2074 3505 2315 3579 corepti

1259 3574 1491 3631 Boend.
1537 3577 1806 3647 correpti
1845 3576 2022 3647 Berg.
2073 3575 2220 3641 Lav.
2253 3592 2308 3628 2.

1258 3648 1397 3700 Exe.
1420 3645 1674 3711 Pitheci,
1713 3654 1771 3698 et
1804 3656 2007 3698 omnes
2036 3643 2191 3714 typis
2212 3641 2315 3696 (le.

1261 3713 1470 3787 scripti
1503 3731 1688 3787 usque
1721 3712 1794 3766 ad
1813 3712 2177 3777 Atinensium,
2208 3709 2312 3784 qui

1261 3801 1417 3837 anno
1443 3786 1591 3839 1523.
1622 3782 1905 3855 corrupti
1932 3791 2093 3834 reete
2116 3799 2315 3834 emen-

1262 3853 1445 3906 davit.
1485 3850 1554 3907 ld
1573 3852 2044 3921 autemfsuperest
2062 3850 2122 3902 in
2140 3847 2311 3904 Leid.

1262 3920 1417 3976 Vide
1449 3920 1523 3974 ad
1554 3923 1609 3985 3,
1642 3924 1729 3984 37,
1759 3920 1814 3975 8.
1861 3921 1994 3973 Mox
2015 3917 2316 3975 adversus

1262 3988 1730 4063 imperatorem,
1771 4007 1887 4061 pro
1917 3996 2155 4055 contra,
2191 3998 2336 4047 om„

1260 4078 1366 4113 nes
1384 4058 1553 4113 codd.
1575 4058 1709 4122 mei,
1728 4069 1787 4112 et
1805 4057 1899 4111 ed.
1918 4057 2055 4134 qam
2066 4075 2122 4125 p.
2162 4055 2316 4110 Vide

1262 4126 1337 4184 ad
1352 4129 1508 4199 Epit.
1527 4131 1615 4187 57.
1644 4130 1791 4183 Tum
1809 4133 2317 4198 conparaverant,

1258 4215 1375 4277 pro
1390 4199 1879 4269 concitaverant,
1892 4193 2124 4252 Leid.et
2135 4198 2316 4268 Berg.
2359 4198 2360 4203 ’
