2675 4642
266 424 340 484 U.
427 429 554 497 7⁰4·

139 486 149 492 ,
360 444 411 482 c.

259 497 336 553 Α.
367 498 436 554 C.
460 497 565 590 ⁴80¹

226 737 377 814 Inter
389 763 565 831 sejam

589 215 691 299 9⁶.
755 214 1164 316 mummi.
1188 211 2033 286 surnnnunn‘rontm
2052 214 2525 302 nmmum.

572 411 902 512 'apparatu
938 420 1266 507 superior,
1311 433 1379 482 et
1409 439 1484 484 ea
1508 422 1752 486 Juliani
1784 420 2013 486 militis
2048 423 2466 501 conditione,
2508 439 2581 490 ut

591 511 927 572 adsuetum
965 508 1236 568 vincere
1275 503 1448 565 nulla
1491 505 1667 567 acies
1709 502 2053 588 sustineret
2064 527 2087 586 3
2148 507 2434 571 defessus
2470 529 2576 571 ae·

574 605 719 672 ‘tate
741 634 758 665 ,
802 588 1019 672 frangi
1057 584 1392 649 laboribus
1433 600 1500 648 et
1534 585 1753 649 taedio
1793 589 2020 672 poss'et.

712 736 938 800 LVIII.
1000 735 1306 796 Ceterum
1356 732 1764 817 reliquorum
1813 734 2092 797 amentia
2143 753 2276 801 non
2323 736 2579 800 sinebat

100 890 113 900 ⁴
209 829 526 882 contendunt
585 819 916 882 hominem
947 813 1249 879 insistere
1283 816 1420 877 suis
1452 816 1777 879 consiliis.
1845 817 2143 879 Amentia
2181 820 2355 880 enim
2395 834 2612 898 certe¹

207 898 274 950 de
297 900 564 968 praemiis
587 902 750 964 suit:
797 899 1016 984 quum,
1052 894 1429 959 tanto‘hoste
1452 897 1780 1040 opssositm
1805 900 2122 962 Lentulus
2147 900 2484 984 Spinther,
2516 903 2582 966 et‘

208 967 493 1025 uictoriae·

591 982 842 1067 scipio,
876 994 947 1043 et
960 978 1310 1050 Domitius,
1349 999 1531 1064 gravi
1588 980 1737 1042 imis
1758 982 1935 1042 inter
1955 1001 2027 1043 se
2050 982 2581 1046 contentionibus

587 1065 671 1127 de
712 1060 1096 1149 pontificatu
1135 1062 1447 1134 maximo,
1495 1061 1675 1145 quod
1717 1061 2151 1145 sacerdotium
2192 1066 2431 1126 Caesar
2469 1086 2583 1148 ge-

585 1147 776 1210 rebat
796 1187 813 1219 ,
871 1145 1226 1228 agitarent:
1282 1141 1593 1204 urbanam
1628 1144 1898 1228 gratiam
1926 1145 2255 1218 Domitio,
2301 1147 2584 1209 Lentulo

588 1242 867 1312 aetatem
901 1227 1258 1310 allegante,
1316 1224 1620 1310 Pompeii
1653 1226 2192 1290 neceffitudinem
2230 1229 2579 1313 Scipione,

589 1332 627 1372 a
664 1330 793 1394 quo
828 1303 1317 1393 perhonorifice
1357 1306 1788 1370 tractabatur:
1847 1322 1919 1371 ut
1959 1309 2234 1371 alterum
2281 1310 2344 1371 ei
2442 1331 2583 1374 rae·

1333 1383 1348 1402 h

586 1391 833 1454 torium
868 1389 1053 1453 tendi
1075 1392 1239 1453 Pom
1288 1409 1451 1470 ejus,
1501 1403 1568 1452 et
1605 1390 1776 1474 apud
1812 1391 1994 1453 illum
2029 1393 2221 1454 etiam
2257 1392 2317 1453 cl
2413 1412 2585 1455 icum

544 1533 549 1540 .
593 1465 1066 1570 cani-juberet.
1151 1471 1238 1534 Se
1333 1485 1401 1533 et
1443 1492 1670 1554 magna
1715 1472 1843 1535 fuit
1893 1474 1960 1535 in
2001 1472 2285 1537 consilio
2317 1488 2585 1537 con-tro·

157 2463 169 2494 Ι

254 2540 565 2614 Pompeium

193 2679 197 2684 Ι
220 2624 416 2683 cogunt
445 2628 547 2683 pu-

221 2698 364 2752 gnae
405 2698 520 2734 reno

220 2749 558 2806 nuncium.

592 1576 848 1628 versia,
891 1550 1207 1618 haherine
1241 1552 1560 1615 rationem
1599 1555 1884 1618 comitiis
1918 1558 2270 1640 praetoriis
2292 1558 2366 1619 L.
2392 1556 2586 1620 Hirri

585 1650 973 1723 oporteret,
1074 1655 1221 1697 uem
1254 1634 1338 1695 ad
1364 1634 1645 1697 Parthos
1679 1636 1959 1722 legatum
1991 1638 2344 1724 Pompeius
2386 1639 2586 1701 mise-

592 1732 729 1781 rat:
795 1739 993 1803 quum
1029 1657 1224 1781 Edem
1264 1714 1329 1777 in
1369 1714 1438 1775 id
1464 1718 1817 1801 Pompeius
1849 1718 2161 1798 dediss'et3
2215 1722 2430 1784 ceteri
2470 1743 2586 1784 ne-

642 1798 978 1878 arent,‚in
1020 1800 1166 1885 pari
1210 1795 1437 1861 labore
1485 1812 1552 1860 et
1599 1801 1898 1883 periculo
1939 1824 2139 1863 unum
2182 1818 2329 1866 ante
2382 1824 2587 1866 onen-

645 1904 750 1944 um
804 1882 1104 1945 omnibus
1155 1882 1308 1944 ess'e.
1392 1881 1718 1943 Domitius
1772 1883 1965 1946 etiam
2010 1883 2273 1968 gravem
2330 1827 2415 1947 ge
2465 1886 2583 1957 iis,

599 1965 713 2049 qui
764 1966 832 2025 in
881 1965 1060 2032 Italia
1107 1976 1593 2036 remanserant,
1661 1966 2048 2028 sententiam
2104 1965 2304 2029 dixit:
2371 1968 2620 2048 placere:

582 2046 717 2134 fibi,
753 2067 819 2107 ut
850 2048 919 2108 de
936 2046 1175 2131 fingulis
1207 2066 1397 2107 ternae
1431 2046 1660 2106 tabellae
1692 2047 1964 2107 darentur
1987 2049 2354 2131 senatoribus,
2400 2053 2500 2130 qui
2529 2052 2591 2108 in

599 2128 742 2192 bello
768 2128 994 2211 quuuti
1028 2129 1347 2211 Pompa-jum
1383 2125 1585 2207 efferet,
1630 2148 1694 2187 ut
1734 2125 1802 2189 de
1834 2128 2059 2190 illorum
2097 2127 2275 2209 cauffi:
2308 2129 2589 2213 cognofte-

599 2232 750 2274 rent.
815 2232 976 2274 unam
995 2211 1132 2293 fhre
1168 2207 1423 2271 tabellam
1442 2250 1459 2280 ,
1504 2229 1639 2288 quae
1671 2215 1817 2270 omni
1845 2206 2087 2291 periculo
2121 2211 2464 2293 abfhlveret3
2502 2212 2591 2270 al-

602 2312 779 2353 teram
792 2335 810 2367 ,
856 2313 991 2375 quae
1023 2309 1127 2373 pro
1159 2290 1302 2370 hoste
1331 2289 1637 2352 habendum
1668 2291 1904 2375 cenjhrn
1914 2315 1937 2365 ,·
1980 2297 2203 2353 tertiam
2217 2331 2236 2365 ,
2280 2313 2417 2375 quae
2442 2292 2591 2353 mul-

596 2375 829 2437 tandum
854 2376 1102 2457 pecunia.

718 2520 888 2584 mx.
929 2519 1109 2584 Nihil
1143 2519 1377 2604 borum
1409 2517 1617 2584 latere
1646 2520 1987 2583 Caesarem
2014 2531 2295 2605 poterat.
2338 2521 2589 2606 itaque,

603 2603 793 2667 simul
836 2603 991 2664 satis
1027 2622 1106 2663 ex
1185 2601 1368 2667 riore
1403 2602 1917 2666 consternatione
1951 2622 2105 2665 suos
2137 2604 2459 2688 recepiffe
2490 2604 2592 2666 vi-

603 2708 756 2760 sus,
799 2704 933 2747 non
970 2681 1110 2746 absi
1162 2685 1345 2760 ebat,
1390 2683 1582 2768 (juin,
1627 2684 1837 2781 copiis
1877 2683 2171 2768 quotidie
2209 2685 2589 2770 productis,

597 2765 930 2853 pugnandi
972 2765 1221 2829 faceret
1256 2765 1654 2850 potestatem.
1723 2766 1923 2850 idque
1971 2765 2134 2829 adeo
2178 2768 2353 2829 inter
2399 2767 2595 2829 initia

532 2867 553 2932 J
598 2850 850 2914 cautius
889 2862 1147 2932 egerat:
1191 2848 1432 2911 deinde
1471 2847 1886 2911 confirmatus
1928 2865 2050 2922 eo,
2094 2849 2268 2946 quod
2302 2851 2596 2933 Pompe·

595 2932 701 3015 jus
740 2951 894 2994 suos
930 2932 1099 2992 intra
1136 2930 1535 2993 munitiones
1574 2932 1836 2992 tenebat
1859 2972 1876 3002 ,
1943 2931 2204 3014 longius
2244 2952 2280 2992 a
2315 2930 2454 2992 suis
2487 2950 2620 2993 ca·-

596 3012 742 3078 stris
779 3014 848 3074 in
881 3013 1023 3074 loca
1058 3010 1221 3074 hosti
1253 3014 1562 3097 aequiora
1600 3011 2126 3098 degrediebatur.
2189 3015 2289 3077 ‚Ea
2323 3029 2599 3097 quoque

595 3117 709 3160 res
738 3093 1038 3157 accendit
1056 3093 1601 3179 Pompeianorum
1634 3096 1906 3168 animos,
1950 3094 2064 3177 qui
2092 3094 2302 3157 ferme
2332 3113 2595 3168 omnes,

647 3196 983 3261 uamquam
1016 3177 1180 3238 alius
1218 3176 1343 3237 alia
1380 3175 1462 3242 de
1499 3177 1737 3251 causs'a,
1781 3175 2257 3240 cunctationem
2291 3174 2597 3238 oderant.

597 3200 689 3323 {t
721 3257 1074 3342 Pompeius
1122 3256 1249 3321 hoc
1287 3258 1310 3318 i
1363 3278 1437 3320 so
1481 3273 1861 3341 argumento
1902 3257 2352 3320 abstinendum
2389 3278 2598 3340 proe-

599 3341 695 3405 lio
728 3340 1113 3412 differebat,
1157 3360 1285 3424 quo
1375 3354 1755 3425 appareret,
1800 3339 1868 3400 id
1905 3360 2317 3426 summopere
2353 3341 2600 3403 Caesa-

600 3445 778 3498 rem,
838 3437 1158 3507 tamquam
1215 3421 1345 3483 sibi
1397 3422 1669 3482 maxime
1719 3421 2139 3484 necell'arium
2160 3466 2178 3496 ‚
2250 3438 2599 3508 expetere.

600 3503 975 3578 Postremo,
1041 3524 1234 3587 quum
1269 3521 1485 3587 neque
1525 3503 1792 3585 vincere
1829 3524 2091 3565 suorum
2130 3504 2415 3578 animos,
2473 3524 2603 3567 ne-

603 3606 734 3674 que
765 3587 946 3649 ferre
981 3584 1291 3648 invidiam
1322 3584 1858 3669 poffet,·abjecto
1894 3586 2140 3650 salubri
2170 3587 2478 3662 consilio,
2513 3586 2601 3651 ad

596 3689 879 3755 pugnam
918 3689 990 3731 se
1026 3688 1260 3753 parare
1297 3669 1540 3754 coepit.

2360 3769 2508 3831 Lx.

672 3983 818 4055 Cap.
849 3971 1031 4037 Lvn.
1082 3978 1236 4036 Plut.
1273 3977 1366 4050 Ap
1415 3977 1532 4036 ian.
1602 3980 1753 4055 Cap.
1783 3978 1996 4038 LVIII.
2035 3975 2253 4035 Juliani
2279 3977 2605 4041 Caesares.

599 4053 756 4109 Plut.
794 4053 853 4105 et
882 4052 1050 4105 Caes.
1102 4049 1231 4105 Cic.
1266 4051 1342 4105 acl
1425 4059 1495 4104 tt.
1522 4053 1606 4121 η’,
1624 4053 1681 4109 6.
1719 4050 1886 4112 Caes.
1961 4049 2113 4124 Cap.
2142 4049 2287 4109 LIX.
2322 4048 2600 4126 Appian·

601 4124 770 4180 caes.
808 4117 1065 4194 Appian-
1099 4117 1255 4175 Plut.
1290 4119 1501 4193 Pomp.
