2675 4642
8 2654 27 2941 ᾈι-μ-ᾼ--ῐι--Ῡᾼ
10 2604 11 2643 ⁴⁴
10 2582 11 2595 ⁴

0 4043 2 4058 “
1 3973 2 4000 ‘⁴
0 3318 30 3950 “⁴‘mH—'f‘

317 286 323 321 ¹
512 288 604 351 m
646 285 953 361 Locum
995 287 1161 352 Lm.
1199 264 1460 389 cit-1112
1498 286 1733 358 mvn.
2007 287 2128 373 393

2115 424 2128 455 ἱ

144 519 262 559 rum
294 503 528 559 maxime
551 503 799 582 gratiam
821 499 1256 581 parandamsesje
1288 523 1479 584 magna
1511 523 1565 563 et
1589 501 1874 584 praeclara
1901 503 2125 563 molien-
2183 502 2256 557 U·
2279 521 2330 558 e·
2354 506 2494 573 7060·

146 580 282 640 tibus
300 623 317 653 ‚
365 582 589 661 semper
622 582 903 643 admonui.
973 601 1116 642 nunc
1156 604 1286 643 vero
1321 589 1485 644 etiam
1510 582 1876 667 singulariter
1910 603 2017 666 pro
2049 585 2126 644 li..
2181 572 2256 629 A·
2276 573 2343 629 C·
2363 575 2456 641 43·

142 661 348 722 bertate
371 664 614 723 Romani
644 667 875 741 nominis
908 683 1065 722 tauta
1098 685 1184 724 coe
1222 670 1428 726 tantem
1463 667 1659 727 hortor
1691 687 1854 750 atque
1882 687 1979 726 oro
1998 710 2015 740 ,
2062 688 2127 729 ut

146 763 263 803 ante
299 749 482 804 omnia
506 744 775 825 fitmmam
816 744 916 806 tibi
949 742 1145 805 horum
1214 746 1474 808 abendam
1509 749 1611 829 effe
1646 755 2127 828 rationemputes.

145 825 223 886 his
264 826 586 887 auctoribus
604 871 623 900 ‚
684 825 823 888 nibil
868 847 975 887 non
1016 818 1286 909 prospere'
1311 830 1462 890 cedet
1475 853 1493 889 .-
1557 831 1641 891 ht's
1678 830 2092 912 adversantibus
2106 874 2126 907 ‚

141 923 329 1049 {arum
356 911 473 968 erit
499 914 560 968 in
584 907 957 991 quantislibet.
970 909 1254 989 praesidiis
1269 911 1413 990 spei.
1499 914 1759 974 Ceterum
1788 932 1914 972 ante
1937 930 2133 992 paucos

178 1010 228 1048 os
255 1010 453 1063 annos,
497 1012 664 1070 quum
698 1012 776 1063 ως
804 993 1130 1051 auctoritate
1156 991 1407 1072 Caesaris
1429 992 1634 1074 foedus
1671 994 1940 1055 nobiscum
1968 1014 2132 1054 reno-

146 1092 320 1131 vatum
360 1072 439 1149 est
453 1116 472 1146 ‚
506 1076 704 1152 jurati
734 1073 964 1133 dextras
997 1073 1264 1154 accepistis
1295 1074 1642 1156 dedistisque.
1726 1078 1811 1137 Ea
1840 1070 1984 1153 fides
2001 1117 2019 1149 ‚
2068 1097 2129 1136 ea

135 1153 421 1235 foederum
474 1150 668 1235 religio
709 1154 950 1234 fitmmae
990 1154 1290 1217 hominibus
1329 1177 1497 1233 furae
1536 1156 1633 1237 effe
1673 1158 1832 1217 debet
1849 1198 1868 1228 ‚
1942 1176 1995 1215 et
2033 1159 2132 1237 qui

145 1236 281 1315 apud
317 1236 659 1296 immortales
696 1236 850 1296 Deos
883 1234 1104 1316 adipisci
1129 1239 1375 1319 gratiam
1403 1239 1677 1318 postulant
1692 1278 1710 1311 ‚
1771 1259 1827 1298 et
1861 1242 1955 1318 qui
1987 1244 2128 1299 reti-

124 1337 263 1377 nere
295 1316 494 1377 bonam
528 1323 676 1376 inter
717 1317 951 1376 homines
972 1317 1187 1399 famam
1202 1339 1222 1378 .·
1265 1337 1331 1378 ut
1368 1320 1437 1379 de
1469 1319 1713 1380 utilitate
1735 1320 1862 1400 jam
1901 1337 2125 1393 taceam,

146 1417 266 1477 quae
283 1398 581 1480 servantes
611 1414 898 1479 pactorum
926 1418 1090 1479 atque
1109 1397 1406 1481 foederum
1439 1400 1590 1460 ultro
1612 1401 1887 1483 sequitur.
1976 1402 2128 1469 Nam

145 1499 194 1538 et
228 1485 349 1541 'cum
393 1481 482 1540 his
528 1476 860 1561 cupidiffime
892 1480 1147 1562 jungunt
1185 1486 1477 1542 amicitiam
1508 1484 1839 1562 prudentes:
1898 1500 1952 1540 et
1995 1483 2161 1544 hanc‘

146 1560 374 1642 deserere
396 1604 416 1634 ‚
461 1561 862 1642 quantumlibet
897 1558 1198 1640 neceffitate
1228 1560 1397 1645 preffi'
1410 1605 1429 1636 ,
1475 1565 1935 1625 verecundantur.
2023 1569 2121 1639 At,

148 1662 359 1722 quorum
381 1643 639 1725 suspecta
671 1662 769 1702 aut
804 1641 1015 1704 credita
1050 1642 1248 1705 levitas
1281 1647 1354 1724 est
1370 1688 1388 1721 ‚
1433 1665 1521 1705 eos
1547 1666 1603 1706 et
1633 1646 1700 1706 ab
1722 1646 1847 1705 aliis
1866 1646 2009 1728 falli
2036 1667 2128 1707 nec

154 1725 449 1788 admiratur
489 1730 774 1805 quisquam
793 1767 811 1798 ,
870 1746 964 1784 nec
1003 1725 1285 1807 irafiitur.
1371 1728 1530 1799 Haec,
1555 1748 1734 1789 autem
1769 1748 1933 1808 quum
1966 1733 2127 1788 etiam

156 1807 291 1865 inter
319 1804 697 1891 infertltffintos
732 1805 897 1884 hostes
932 1805 1176 1868 obtinere
1206 1808 1433 1870 debeant
1451 1852 1468 1880 ‚
1526 1830 1728 1892 quanto
1763 1812 1933 1891 magis
1960 1829 2126 1891 prae·-

98 1937 107 1947 ἲ
132 1886 318 1966 stando
346 1891 495 1969 sunt
540 1892 759 1960 amicis,
812 1887 1142 1967 hospitibus,
1202 1889 1436 1949 alumnis
1457 1891 1486 1948 ,⁹
1546 1893 1678 1951 Non
1716 1890 1924 1972 possum
1958 1891 2126 1972 plura

136 1987 260 2050 prae
290 1971 746 2051 lacrimisloqui.
800 1969 902 2051 sed
939 1991 1104 2050 neque
1135 1971 1426 2031 verborum
1463 1978 1629 2056 magis
1661 1972 1775 2046 hoc,
1818 1992 1977 2053 quam
2002 1976 2121 2054 pie-

141 2056 297 2127 tatis,
356 2075 389 2113 o
434 2075 498 2112 us
537 2051 611 2130 est
629 2075 647 2112 .-
706 2071 795 2125 et,
843 2047 904 2131 st
943 2050 1066 2112 haec
1113 2074 1447 2117 contemnere
1492 2045 1698 2135 poteris
1717 2099 1733 2127 ‚
1782 2055 2122 2137 supervacua

142 2141 293 2193 omnis
329 2071 429 2212 ellJ
443 2140 624 2194 oratio
643 2157 661 2194 .·
700 2155 869 2222 neque
904 2138 1044 2194 enim
1065 2155 1320 2204 moveare
1338 2178 1357 2211 ‚
1402 2133 1616 2219 tametfi'
1628 2137 1868 2220 plurima
1903 2156 1958 2197 et
1980 2142 2119 2220 gra*-

146 2214 331 2294 vtffima
371 2217 767 2298 proftrasttur.
1759 2214 1766 2226 ’

236 2343 417 2401 XIII.
461 2341 645 2400 Haec
672 2341 857 2423 largo
888 2359 1032 2401 cum
1060 2336 1219 2401 fletu
1240 2340 1673 2425 proloquutus
1703 2339 1928 2403 senior
1954 2339 2118 2404 adeo
2137 2374 2156 2393 x
2178 2333 2363 2417 σθ’-’,ὕ
2380 2351 2463 2388 ''¹-

132 2423 481 2484 commovit
506 2423 830 2494 Cass'ium,
891 2436 961 2483 ut
1007 2442 1163 2507 prae
1213 2422 1608 2484 verecundia
1648 2425 1938 2486 colorem
1976 2445 2115 2483 mu·
2138 2419 2376 2474 Ῥωωθ·

129 2516 308 2566 taret.
398 2503 653 2570 Educta
694 2518 902 2566 tamen
942 2525 1023 2566 ex
1059 2504 1366 2566 Archelai
1405 2506 1697 2568 manibus
1735 2505 1991 2567 dextra:
2055 2507 2117 2568 Si
2365 2502 2372 2511 ’

127 2587 455 2667 persuadere
490 2586 721 2647 Rhodiis
763 2587 979 2663 noluisti
999 2630 1018 2661 ,
1083 2608 1148 2646 ut
1180 2587 1518 2664 =abstinerent
1548 2589 1813 2668 injuriam
1855 2609 1887 2645 a
1923 2585 2111 2662 nobis,

133 2669 252 2730 mihi
278 2669 526 2751 suadere
561 2691 668 2729 non
705 2667 896 2742 debes,
952 2690 1016 2731 ut
1055 2669 1334 2749 adceptam
1373 2668 1554 2750 ulcifii
1576 2669 1976 2812 fhpetffdeam.
2021 2667 2132 2750 fini

132 2771 255 2810 vero
293 2750 423 2810 baec
458 2771 703 2833 agentem
739 2751 932 2810 audire
967 2751 1351 2833 neglexerunt,
1394 2769 1588 2829 poenas
1624 2751 1689 2812 ab
1761 2757 1809 2811 is
1843 2770 2110 2831 expetam,

132 2851 164 2889 a
187 2832 383 2912 quibus
414 2836 749 2913 contemp'tus
778 2855 849 2897 es.
945 2833 1050 2894 Ubi
1083 2852 1213 2893 vero
1249 2853 1409 2894 erant
1445 2833 1532 2892 illi
1564 2834 1796 2909 Rhodii,
1835 2854 1968 2916 gens
1981 2833 2110 2911 stu.

134 2914 274 2994 diosa
307 2914 621 2989 libertatis,
680 2917 943 2975 amicitiae
977 2934 1145 2977 tenax
1163 2957 1181 2989 ,
1224 2914 1455 2997 hospites
1472 2956 1491 2988 ‚
1549 2915 1796 2999 magistri
1829 2937 1883 2977 et
1914 2916 2109 2977 educa-

135 3014 274 3061 tores
306 3001 448 3071 mei,
507 3017 672 3079 quum
702 3015 879 3078 nuper
911 2997 1122 3057 auxilia
1151 3014 1417 3076 petentem
1454 2996 1804 3077 rejecerunt?
1859 3001 1940 3061 At
1981 2997 2109 3058 Do·
2166 2992 2406 3080 Auxilia

132 3076 351 3140 labellae
368 3079 636 3160 miserunt
654 3088 846 3152 naves,
891 3083 986 3161 qui
1006 3099 1099 3139 nec
1115 3079 1372 3139 educatus
1391 3077 1456 3139 ab
1474 3077 1580 3150 his,
1627 3100 1721 3139 nec
1741 3081 1995 3140 eruditus
2015 3079 2108 3157 est,
2134 3081 2239 3115 Μ’·
2264 3081 2439 3116 ”“·“·

136 3179 187 3218 et
206 3162 514 3224 libertatem
536 3160 830 3222 conabatur
853 3164 1175 3243 opprimere,
1218 3180 1379 3244 quam
1407 3180 1499 3244 ego
1529 3180 1584 3221 et
1598 3161 1819 3224 Brutus
1847 3182 1968 3224 cum
1985 3159 2112 3223 aliis
2136 3135 2448 3205 “f'‘'b'u'

134 3243 466 3325 principibus
509 3243 873 3327 defendimus.
1811 3303 1826 3313 ,
2015 3302 2038 3321 Ι,

249 3369 429 3432 XIV.
479 3368 675 3450 Neque
708 3388 839 3429 vero
867 3367 1088 3449 prodest
1119 3354 1354 3430 Rhodii}
1384 3356 1469 3428 hic
1501 3364 1681 3442 color,
1696 3362 1884 3531 [quasi
1901 3366 2115 3449 mifiteri

1729 3473 1748 3510 ι

134 3451 308 3515 nolint
337 3449 596 3512 civilibus
625 3452 992 3517 Romanorum
1024 3454 1214 3517 armis.
1274 3447 1434 3530 effent
1460 3448 1665 3525 civilia,
1782 3472 1878 3510 nos
1908 3471 2114 3532 quoque
2169 3506 2174 3511 ,

126 3534 432 3619 faceremus
461 3550 652 3614 partes
669 3576 687 3609 ‚
732 3553 786 3595 et
820 3531 1052 3609 nostram
1089 3532 1163 3592 ad
1189 3536 1489 3615 potentiam
1519 3553 1608 3591 res
1644 3532 1862 3594 trahere
1892 3552 2115 3595 conare-
2202 3538 2208 3541 “

138 3635 277 3679 mur.
365 3615 572 3694 Nune,
632 3616 727 3681 ubi
769 3632 969 3695 aperto,
994 3612 1133 3674 bello
1175 3615 1299 3674 hine
1336 3612 1716 3696 rempublicam
1735 3612 1923 3692 stare,
1987 3614 2114 3675 inde

137 3716 393 3773 tyramtos
413 3741 432 3772 ,
488 3697 799 3781 intelligitis
817 3739 836 3772 ‚
885 3695 1110 3779 frustra
1140 3696 1359 3779 poscitis
1393 3717 1426 3755 a
1457 3695 1605 3756 nobis
1635 3699 1910 3777 oratisque
1941 3694 2116 3756 liber-

137 3797 294 3843 tatem
313 3825 332 3854 ‚
370 3798 477 3861 pro
515 3801 620 3862 qua
660 3779 932 3843 nobiscum
962 3796 1309 3860 propugnare
1343 3782 1685 3844 cunctamini.
1763 3781 1980 3845 Adeone
2017 3797 2117 3843 vos

137 3880 214 3921 tot
245 3862 384 3925 clari
416 3866 553 3936 viri,
597 3865 755 3927 amici
785 3859 1033 3942 plerIque
1063 3858 1413 4003 hospitesque,
1455 3879 1488 3919 a
1522 3859 1714 3942 quibus
1745 3856 1953 3943 defensi
1963 3859 2113 3942 Jem-

134 3959 264 4026 per,
319 3966 352 4004 a
398 3944 593 4026 quibus
636 3946 824 4005 ornati
866 3941 986 4022 estis
1005 3986 1024 4018 ‚
1086 3949 1144 4003 ni
1179 3941 1223 4009 il
1272 3963 1598 4003 commovent
1615 3985 1632 4015 ‚
1693 3944 1897 4007 indicta
1939 3940 2116 4019 cauffiz

141 4029 498 4101 condemnati,
539 4024 872 4108 proscripti,
918 4028 1075 4085 exuti
1104 4025 1256 4086 bouis
1276 4067 1293 4097 ‚
1342 4024 1497 4101 ejecti
1522 4028 1744 4105 patria,
1786 4030 1902 4088 vito
1930 4034 1990 4084 ac
2017 4023 2109 4083 lu-

141 4127 194 4175 ce
224 4107 456 4189 depulsi,
516 4130 582 4172 ut
608 4108 937 4190 succurrere
962 4108 1165 4168 nolitis
1199 4106 1393 4186 populo
1421 4107 1701 4189 Romano,
1753 4108 1907 4197 cujus
1934 4107 2109 4198 ficie-

147 4203 296 4260 tatem
327 4210 487 4286 atque
523 4194 817 4262 amicitiam
835 4191 1063 4279 jactare
1097 4210 1204 4255 non
1236 4189 1471 4280 definitis
1490 4188 1538 4297 ᾗ
2097 4191 2114 4196 ’
