2675 4642
641 227 763 293 244
813 208 1213 279 FREINSH.
1240 212 2070 301 SUPPLEMENTORUM
2096 214 2248 279 Lm.
2270 214 2611 278 Lxxxl.

303 427 375 483 U.
401 444 453 481 c.
479 430 604 498 708.
649 427 736 489 cii
790 424 1335 487 existimarentur:
1363 425 1366 428 ’
1399 443 1434 483 e
1488 423 1723 506 quibus
1774 424 1990 508 postea*
2026 428 2095 491 C.
2124 426 2449 491 Octavius
2477 469 2501 500 ‚
2578 428 2634 487 P

304 499 468 554 A·C·
498 504 587 568 44·
648 508 962 570 Lentulus
1002 510 1076 567 P.
1109 509 1182 566 F.
1223 504 1571 588 Spinther,
1618 505 1885 589 ejusque
1923 508 2261 570 familiaris
2295 509 2634 570 Patiscus

650 591 890 672 aliique
931 588 1296 650 vindicibus
1334 586 1630 647 Caesaris
1680 608 1922 670 poenas
1974 590 2298 652 dederunt
2331 591 2628 653 insolen

643 672 810 743 tiae,
858 666 1029 753 quod
1067 680 1152 731 se!
1177 667 1659 752 perculsoribus
1692 669 2118 749 miscuerant3
2164 693 2359 754 quum
2378 673 2634 733 nullan

694 767 894 813 artem
938 752 1184 833 gloriae
1229 749 1553 821 tuliss'ent‚
1619 751 1916 815 omnibus
1963 774 2078 816 eos
2117 753 2290 815 facto
2333 774 2482 814 non
2539 754 2633 815 ad

639 777 834 898 fuisse
867 833 1242 895 scientibus.
1334 830 1467 891 Sed
1500 833 1780 914 populus
1815 833 1926 896 diu
1958 834 2315 918 trepidate,
2360 835 2498 896 ubi
2537 855 2630 895 ne

645 917 885 977 minem
921 930 1258 998 praeterea
1295 911 1466 974 laedi
1500 913 1717 1006 petire
1757 915 2070 991 constitit,
2115 917 2312 980 verba
2349 936 2634 1000 percus·

652 1018 871 1059 sorum
910 997 1164 1080 accepit
1202 994 1650 1081 tranquillior,
1716 995 1849 1057 bono
1881 1004 2060 1058 am'mo
2097 998 2468 1080 jubentium
2507 997 2618 1080 effi

565 1086 574 1095 '
652 1077 918 1160 pqsitoque
951 1087 1092 1139 omni
1130 1098 1273 1138 metu
1292 1120 1309 1150 ,
1368 1096 1526 1155 quam
1564 1077 1665 1135 diu
1701 1082 1841 1137 votis
1880 1080 2230 1161 expetiffent,
2289 1102 2447 1141 nunc
2484 1079 2634 1141 bena

317 1154 772 1254 1naepaeuntfi⁶i⁰
801 1160 900 1238 fito
934 1159 1224 1232 haberent,
1268 1178 1463 1236 puram
1497 1157 1719 1218 haurire
1751 1159 2078 1222 libertatem.
2161 1166 2291 1236 lta,
2334 1162 2634 1237 multitu·

211 1294 218 1301 ι
284 1254 627 1324 Capitolium.
657 1240 807 1302 dine
840 1255 1185 1336 utcumque
1214 1240 1480 1324 placata,
1506 1250 1738 1324 'neque
1765 1255 1978 1304 tamen
2010 1243 2142 1306 illis
2174 1265 2245 1306 se
2272 1243 2634 1327 adjungen-

655 1338 762 1394 te,
827 1322 1212 1407 Capitolium
1257 1322 1625 1405 petierunt,
1692 1337 2010 1408 tamquam
2039 1326 2189 1387 Diis
2233 1326 2454 1388 acturi
2497 1338 2634 1407 gr&

655 1406 777 1467 tias
799 1425 818 1484 3
866 1404 1155 1490 illudque
1194 1402 1404 1490 stipati
1443 1423 1631 1465 manu
1667 1404 2091 1488 gladiatorum
2129 1420 2571 1493 occuparunt.

331 1570 623 1639 Eodemque
664 1602 668 1609 .
782 1552 1005 1617 LXIII.
1052 1553 1375 1619 Clamabat
1414 1567 1546 1616 tum
1594 1554 1865 1627 Cicero,
1918 1553 2167 1633 senatum
2200 1559 2258 1634 in
2297 1554 2634 1635 Capitolium

287 1642 396 1694 atii
414 1640 634 1709 quidam
660 1658 708 1694 a>
735 1638 1074 1717 praetoribus
1109 1628 1304 1696 ‘vocari
1352 1652 1620 1716 oportere.
1684 1626 1857 1719 quod
1878 1635 2196 1720 ‘profecto
2235 1636 2290 1698 si
2322 1634 2519 1699 foret
2551 1635 2634 1696 sa-

286 1720 632 1789 ⁸‘!‘⁰‘⁰²'‘⁸⁰‘·
661 1733 870 1789 ctum,
912 1713 1111 1800 'longe
1154 1718 1376 1790 aliter,
1422 1730 1611 1800 atque
1652 1716 1924 1792 accidit,
1973 1716 2267 1779 constitui
2303 1718 2634 1801 respubli-

287 1787 469 1832 ’ΜΨ
660 1822 734 1863 ca
766 1799 1085 1884 potuiss'et.
1157 1802 1489 1861 Venerant
1522 1813 1729 1860 tamen
1769 1798 1836 1859 in
1862 1792 2268 1884 Capitolium,
2313 1799 2634 1882 advespe-

657 1880 1134 1953 rascentedie,
1182 1881 1530 1953 Favonius,
1577 1880 1920 1964 Aquinius,
1969 1885 2254 1954 Murcus,
2298 1882 2635 1948 Patiscus:

662 1964 779 2027 sed
817 1979 881 2026 et
909 1964 1280 2036 Dolabella,
1327 1963 1451 2042 jam
1485 1964 1739 2024 consul:
1786 1964 2028 2046 quippe
2062 1964 2273 2026 fasces
2309 1977 2502 2048 atque
2536 1964 2634 2023 in-

661 2047 870 2129 signia
909 2046 1271 2113 consularia
1307 2043 1507 2107 statim
1546 2045 1987 2141 corripuerat:
2034 2066 2416 2144 quamquam
2462 2046 2634 2106 nullo

658 2128 803 2209 jure
848 2127 1066 2189 facere
1111 2127 1484 2200 videretur,
1549 2123 2020 2187 substituendus
2062 2148 2127 2190 tn
2165 2127 2379 2189 locum
2415 2126 2634 2210 profe-

661 2211 787 2271 cti:
863 2210 978 2272 sed
1020 2210 1132 2271 ille
1172 2209 1538 2293 profectum
1580 2207 2156 2290 interpretabatur,
2220 2211 2332 2293 qui
2374 2210 2537 2270 effet
2572 2210 2634 2268 in

662 2313 739 2354 ea
775 2291 999 2363 cauffa,
1049 2304 1119 2351 ut
1154 2291 1425 2373 amplius
1466 2288 1800 2374 proficisci
1839 2311 1967 2352 non
2002 2290 2256 2375 possete
2287 2289 2629 2362 Postridie,

660 2373 814 2435 foro
865 2374 1078 2435 venali
1126 2372 1315 2435 turba
1362 2373 1651 2455 repleto,
1718 2392 1902 2454 quam
1953 2393 2076 2456 per
2118 2373 2357 2434 amicos
2401 2374 2631 2435 Cassius

664 2468 1185 2539 comparaverat,
1248 2455 1513 2533 jactatae
1564 2471 1761 2515 voces
1809 2468 1996 2527 sunt,
2053 2475 2182 2515 non
2227 2455 2630 2539 probantium

664 2537 902 2598 factum
923 2557 942 2613 3
990 2537 1103 2598 sed
1141 2556 1366 2619 pacem
1403 2549 1470 2596 et
1502 2533 1912 2596 concordiam
1950 2535 2436 2618 postulantium:
2483 2554 2629 2620 quae

665 2639 812 2690 res,
876 2617 1004 2678 nisi
1058 2621 1515 2703 ignosceretur
1560 2615 2130 2692 interfectoribus,
2191 2616 2482 2680 obtineri
2512 2636 2630 2678 non

666 2713 945 2784 poterat.

312 2858 571 2914 Lem„
589 2856 648 2909 5„
795 2831 1023 2895 LXIV.
1086 2831 1267 2893 Haec
1324 2833 1664 2914 agentibus
1719 2831 2118 2897 commodum
2174 2833 2251 2894 L.
2298 2829 2629 2895 Cornelius

302 2931 579 2982 Caesarem
677 2914 875 2976 Cinna
921 2927 1184 2997 praetor
1228 2916 1628 3007 supervenit.
1711 2921 1809 2987 Is,
1853 2936 2066 2998 neque
2104 2913 2488 2989 adfinitatis,
2526 2932 2626 2973 ne-

300 2997 597 3052 invehitur.
676 3015 800 3080 que
838 2993 1300 3057 beneficiorum
1331 3017 1600 3065 memor.
1645 3012 1779 3059 acta
1805 2998 2100 3059 Caesaris
2137 2997 2364 3059 acerba
2406 2995 2626 3058 oratio-

674 3098 757 3139 ne
801 3098 923 3162 pro
964 3075 1185 3139 rostris
1232 3079 1584 3141 insectatus
1631 3079 1754 3154 est,
1813 3078 2178 3161 insignibus
2221 3079 2410 3140 etiam
2444 3074 2623 3157 magi-

675 3158 899 3222 stratus
931 3158 1230 3239 abjectis,
1276 3159 1540 3240 quaesibi
1579 3164 1711 3220 data
1753 3181 1939 3220 contra
1974 3159 2113 3241 leges
2144 3182 2176 3218 a
2201 3180 2433 3235 tyranno
2466 3157 2623 3219 dice-

675 3242 821 3303 bat:
875 3255 1227 3324 auctorque
1275 3256 1415 3304 erat
1466 3245 1707 3326 populo
1760 3241 2125 3311 deducendi
2171 3237 2491 3304 libertatis
2531 3258 2624 3299 au-

679 3338 898 3385 ctores
929 3345 963 3383 a
989 3324 1334 3406 Capitoli0‚
1379 3326 1816 3408 praemiisque
1855 3337 1920 3386 et
1953 3323 2311 3385 honoribus
2348 3319 2616 3382 ornandi.

678 3410 909 3489 Neque
948 3418 1155 3466 tamen
1197 3405 1402 3466 adhuc
1445 3407 1613 3467 ultra
1696 3406 1910 3468 riores
1948 3424 2145 3466 voces
2186 3398 2451 3467 incaluit
2481 3399 2620 3463 mul-

681 3485 930 3558 titudo,
996 3488 1293 3549 Caesaris
1330 3502 1476 3549 ante
1522 3506 1643 3549 ocu
1671 3509 1744 3548 os
1790 3487 2176 3549 obversante
2213 3478 2417 3547 adhuc
2450 3481 2618 3563 maje-

621 3591 626 3596 ·
684 3566 876 3639 state,
941 3581 1007 3629 et
1063 3569 1314 3631 incerto
1370 3590 1587 3630 rerum
1641 3571 1835 3630 exitu.
1923 3567 2092 3640 Sed,
2151 3567 2267 3628 ubi
2311 3563 2619 3629 Dolabella

685 3669 830 3711 cum
865 3649 1205 3714 lictoribus
1242 3650 1478 3724 adfuit,
1543 3664 1732 3737 atque
1766 3649 1933 3711 haud
1969 3649 2307 3727 dissimilia
2344 3650 2616 3731 loquutus

687 3838 694 3845 ’
760 3837 906 3907 Cap.
939 3835 1115 3893 an.
1166 3839 1290 3894 Cic.
1321 3837 1478 3921 Phil.
1503 3858 1553 3905 2,
1591 3856 1687 3920 ιι..
1709 3838 1862 3895 Plut.
1897 3837 2062 3892 Caes.
2110 3833 2363 3920 Appian.
2416 3832 2526 3912 0³⁰:
2553 3822 2616 3882 δᾶ

691 3904 855 3959 Fam.
889 3923 972 3974 is,
1013 3912 1093 3974 ¹4·
1131 3904 1578 3990 l'lut.‚.4·pp1an.
1616 3909 1755 3962 Dio.
1791 3905 1954 3988 Plut3
1982 3908 2186 3960 Bruto.
2220 3908 2357 3958 Dio.
2389 3902 2614 4020 Appxm:

693 3972 856 4094 νῑῗιῖιιῖ
893 3977 1060 4098 'figi‘
1080 3977 1235 4102 xliiii.
1255 3973 2610 4118 {¹213sniapessffiqlesscbifffi‘fip'iissnfmcass.

748 4109 897 4171 XIV.
933 4112 1069 4171 Val.
1098 4115 1251 4173 Max.
1280 4133 1337 4188 9,
1370 4133 1423 4187 9·
1458 4114 1703 4180 sueton.
1739 4114 1906 4177 Caes.
1933 4113 2022 4176 85.
2053 4111 2310 4187 Appiam

1277 4214 1318 4267 Ι
