2675 4642
590 221 710 303 756
815 224 1222 292 FREINSH.
1248 226 2115 309 SUPPLEMEN'RORUM
2133 228 2291 293 Lm.
2314 229 2421 293 cl.

252 417 320 474 υ·
355 441 411 479 ⁸·
440 425 567 493 ⁷3⁸·
594 451 789 499 noctu
816 436 998 497 Ilium
1025 449 1285 519 petens,
1335 434 1489 496 dum
1507 433 1963 497 Scamandrum
2005 435 2075 497 in
2104 438 2336 499 lectica
2364 452 2589 498 trans·

257 491 418 548 mc.
474 501 510 563 4

259 1578 503 1645 §aducis

225 1650 505 1713 confirmat

222 1716 548 1789 privilegia·

264 3076 338 3134 U.
369 3095 422 3131 e.
452 3077 579 3147 739.
625 3134 630 3138 ,

269 3147 343 3201 Α.
368 3146 435 3201 C.
463 3147 550 3202 13.

283 3214 377 3269 Ti.
411 3214 582 3268 Clau.

235 3281 370 3352 dio,
421 3284 488 3336 P.

289 3350 562 3474 ulilp'ctffio

279 3491 558 3544 neutrum

235 3556 475 3613 Cornelii

231 3627 409 3681 Batai
424 3625 548 3681 aedi
556 3658 579 3674 .

164 3726 169 3732 ’
231 3706 413 3751 6181Ϊο

233 3354 287 3478 3

514 531 532 550 ·
590 519 683 591 it,
728 518 944 579 subito
978 515 1262 579 fluminis
1297 530 1487 582 auctu
1525 535 1819 598 magnum
1860 518 2033 581 vitae
2062 519 2421 580 discrimen
2466 520 2585 579 ad-

590 601 777 663 ierat.
876 601 1055 681 Ergo
1114 598 1348 681 legati,
1410 597 1490 657 ad
1541 594 2015 680 deprecandum
2048 601 2307 673 quim,
2375 621 2582 681 quum

592 674 882 743 Amisum
931 679 1243 742 veniss'ent
1274 722 1292 752 ‚
1357 698 1480 739 nec
1516 693 1812 762 agentem
1862 679 1957 739 ibi
1993 682 2344 764 Agrippam
2378 680 2584 743 aude-

591 776 740 824 rent
775 762 1204 844 compellare3
1257 761 1594 824 Nicolaum
1629 761 2092 823 Damascenum
2151 776 2464 835 orarunt,
2510 777 2582 825 ut

594 844 723 905 sibi
763 844 941 925 regis
978 842 1304 915 Herodis,
1377 841 1498 939 cui
1520 855 1660 913 erat
1693 842 1806 903 ille
1834 841 2403 916 familiariss'imus‚
2467 866 2581 929 pa·-

591 925 940 986 trocinium
1000 936 1421 1006 compararet.
1510 923 1813 1008 Suscepit
1850 944 2036 1007 srex,
2095 939 2197 998 et,
2262 926 2455 1008 culpa
2499 926 2578 987 ab

591 1006 936 1068 Iliensibus
974 1006 1219 1088 ignaris
1256 1007 1357 1066 rei
1390 1005 1692 1067 translata
1734 1004 1801 1064 in
1860 1024 2108 1078 casum,
2174 1007 2574 1090 Agrippam,

593 1087 837 1172 alioqui
876 1087 1253 1171 proniorem
1293 1087 1375 1148 ad
1403 1088 1842 1155 clementiam,
1884 1087 2192 1169 placavit:
2237 1110 2437 1168 quum
2477 1088 2577 1149 illi
2624 1158 2629 1161 ,

591 1169 736 1249 jam,
782 1167 1126 1251 desperato
1167 1171 1471 1252 negotio,
1515 1168 1583 1229 in
1626 1167 1896 1250 patriam
1934 1169 2428 1251 renavigaffent.
2488 1170 2580 1230 A·

569 1251 863 1334 ‘grippa,
909 1248 1230 1333 postquam
1268 1248 1635 1332 praesentia
1670 1250 1823 1310 satis
1863 1252 2215 1334 composita
2246 1265 2428 1312 ratus
2465 1249 2575 1325 est,

587 1351 717 1427 ,per
751 1330 1251 1416 Paphlagoniam
1299 1346 1365 1392 et
1417 1333 1546 1415 Cap
1596 1329 1884 1391 adociam
1922 1330 2400 1415 Phrygiamque
2444 1354 2575 1393 ma-

591 1433 801 1496 Jorem
845 1411 1173 1496 Ephesum
1216 1412 1433 1508 rediit.
1482 1412 1549 1477 in
1598 1432 1633 1474 e
1679 1408 1936 1492 trajecit
1987 1414 2262 1487 Samum,
2306 1414 2583 1476 Herode

598 1515 858 1580 semper
899 1515 1044 1559 eum
1078 1508 1447 1558 comitante.

623 1640 630 1649 ·
714 1603 941 1667 Lxlv.
982 1603 1160 1663 Haec
1204 1618 1311 1665 res
1342 1602 1623 1664 animum
1658 1598 1925 1664 Judaeis
1967 1600 2234 1673 addidit,
2281 1603 2432 1684 qui,
2478 1604 2579 1681 jus

595 1683 877 1748 civitatis
912 1685 977 1744 in
1015 1683 1253 1745 Ionicis
1288 1685 1559 1745 urbibus
1582 1726 1600 1756 ‚
1655 1679 1976 1746 beneficio
2008 1683 2185 1764 regis
2223 1684 2569 1757 Antiochi,

595 1768 703 1827 cui
746 1778 1238 1848 cognomentum
1271 1767 1454 1828 Deus
1492 1767 1619 1829 fuit
1643 1809 1661 1839 ,
1724 1762 1939 1845 adepti
1967 1806 1983 1831 ‚
2027 1764 2198 1825 trahi
2243 1786 2316 1826 se
2352 1765 2433 1826 ad
2467 1767 2567 1846 ju·

597 1848 767 1911 dicia
799 1845 974 1909 festis
1015 1847 1187 1920 suis,
1233 1861 1335 1918 et,
1382 1868 1568 1930 quam
1612 1848 1873 1909 mittere
1918 1845 2430 1927 Hierosolymam
2458 1869 2562 1909 so-

598 1931 848 2000 lerent,
891 1929 1227 2013 pecuniam
1262 1930 1389 1990 sibi
1425 1929 1621 1990 adimi
1659 1927 2092 2012 querebantur
2120 1970 2137 1996 ‚
2186 1949 2564 2011 quamquam

599 2026 669 2073 et
729 2013 1001 2073 Romani
1049 2010 1184 2073 suis
1222 2030 1294 2073 se
1330 2010 1587 2093 legibus
1624 2010 1865 2093 degere·
1903 2008 2226 2086 jussiss'ent.
2314 2011 2565 2071 Horum

599 2094 869 2155 caullam
901 2105 1131 2174 agente
1181 2092 1486 2165 Nicolao,
1547 2114 1741 2177 quum
1795 2104 1860 2152 et
1900 2090 2199 2151 Herodes
2233 2091 2567 2174 Agrippae

600 2174 975 2249 adsideret3
1037 2194 1307 2256 aequum
1343 2175 1756 2236 censentibus
1785 2172 2083 2243 Ionibus⁹
2145 2173 2386 2233 civium
2423 2175 2569 2236 loco

601 2277 730 2318 non
770 2256 898 2317 ell'e
927 2254 1092 2338 apud
1118 2275 1212 2324 se,
1260 2256 1371 2338 qui
1406 2255 1635 2317 alienis
1670 2255 1872 2316 sacris
1903 2268 2282 2328 uterentur3
2328 2257 2571 2340 Agrip·

599 2360 679 2424 pa
722 2338 882 2398 nihil
925 2337 1286 2398 mutandum
1340 2338 1630 2409 censuit,
1681 2337 2071 2420 scripsitque
2119 2335 2197 2395 ad
2241 2335 2572 2417 Ephesios
2674 2388 2675 2407 ,

602 2422 931 2503 aliosque,
973 2417 1497 2499 jubens‘injuriis
1540 2420 1932 2480 Judaeorum
1956 2415 2277 2478 abstineri.
2324 2418 2462 2480 Sed
2508 2432 2574 2480 et

604 2500 1067 2581 Cyrenensium
1123 2498 1588 2583 magistratibus
1647 2499 1921 2582 injunxit
1978 2499 2238 2570 eadem,
2303 2499 2572 2563 Judaeis
2672 2504 2673 2507 ’

604 2581 782 2644 illius
832 2584 1021 2649 etiam
1055 2582 1431 2664 provinciae
1477 2582 1655 2664 paria
1685 2580 1944 2666 questis.
2028 2580 2200 2640 Hinc
2236 2583 2574 2664 Bospora-
2628 2606 2635 2611 ·
2670 2592 2671 2613 ¹

603 2664 674 2724 ni
711 2663 867 2725 belli
912 2663 990 2724 ad
1033 2661 1378 2744 Augustum
1414 2666 1781 2748 perscripto
1816 2664 2021 2734 exitu,
2079 2683 2223 2722 nam
2271 2661 2351 2723 ad
2388 2685 2576 2725 sena-

601 2758 736 2806 tum
800 2745 1128 2817 scribere,
1191 2745 1360 2806 sicut
1410 2745 1649 2827 priscis
1704 2743 2204 2828 imperatoribus
2272 2745 2576 2819 solitum,

600 2823 945 2889 modestiae
979 2826 1184 2889 cauffa
1222 2825 1702 2908 supersederat,
1748 2841 1885 2888 acta
1920 2840 2051 2886 rata
2089 2824 2314 2887 habuit
2353 2828 2581 2910 Augu-

601 2905 728 2970 stus
751 2951 769 2981 ,
806 2908 1455 3005 ’supplicationesque
1481 2922 1548 2970 et
1569 2907 1959 2994 triumphum
1997 2907 2059 2969 ei
2090 2906 2579 2970 decernendum

605 3004 875 3054 curavit.

729 3095 927 3160 LXV.
970 3098 1110 3158 Jam
1143 3110 1208 3159 et
1236 3094 1481 3158 Galliae
1517 3094 2001 3180 Hispaniaeque
2025 3115 2133 3158 res
2165 3096 2487 3159 reductae
2516 3098 2578 3159 in

606 3178 1124 3261 tranquilliorem
1156 3176 1375 3241 statum
1410 3192 1629 3240 erant:
1673 3177 1978 3239 Germani
2012 3177 2219 3240 adbuc
2265 3180 2576 3242 tumultu·

605 3262 893 3322 abantur.
963 3261 1203 3344 Igitur,
1253 3258 1331 3318 ad
1354 3258 1915 3330 hos-coercendos,
1955 3260 2414 3345 agendumque
2434 3282 2576 3323 cen·

610 3363 749 3405 sum
784 3341 1171 3414 Galliarum,
1212 3341 1431 3402 Druso
1473 3342 1744 3412 relicto,
1791 3343 2023 3403 Caesar
2050 3343 2317 3402 Romam
2357 3342 2574 3420 rediit,

505 3454 512 3463 ·
609 3441 805 3507 quum
836 3423 959 3503 jam
993 3423 1098 3486 Ti.
1122 3420 1425 3486 Claudius
1447 3424 1550 3484 Ti.
1572 3425 1645 3484 F.
1665 3428 1862 3494 Nero,
1905 3426 1979 3485 P.
2002 3421 2407 3515 Quinctilius
2431 3427 2573 3490 Sex.

601 3504 683 3568 F.
705 3507 915 3572 Varus
933 3507 1324 3567 consulatum
1347 3505 1620 3569 iniss'ent.
1667 3500 1866 3566 Forte
1897 3505 2127 3566 iisdem
2151 3504 2392 3567 diebus
2418 3530 2573 3568 nun-

608 3584 748 3650 cius
789 3587 872 3648 de
902 3587 1117 3649 reditu
1160 3586 1456 3650 Caesaris
1485 3586 1872 3658 advenerat,
1917 3585 2150 3670 quibus
2190 3588 2438 3649 theatri
2480 3591 2572 3652 sui

606 3666 1080 3731 dedicationem
1114 3667 1455 3732 Cornelius
1482 3669 1722 3731 Balbus
1757 3667 2148 3751 sumptuosis
2181 3673 2573 3752 spectaculis

674 3880 819 3949 Cap.
856 3879 1061 3936 Lxul.
1098 3878 1333 3952 Josepb.
1358 3862 1553 3939 'NicoL
1580 3856 1855 3954 {loseph⁴
1898 3878 2046 3951 cap.
2076 3874 2281 3957 Lxly.
2319 3880 2569 3954 Josepb.

602 3946 805 4017 Antiq.
842 3949 935 4011 16,
967 3953 1023 4016 4.
1063 3960 1123 4003 et
1158 3968 1253 4016 is,
1283 3951 1341 4006 3.
1370 3952 1616 4034 Joseph.
1666 3952 1865 4022 Antiq·
1903 3951 2001 4015 16,
2042 3964 2123 4002 ιο·
2163 3948 2302 3998 Dm·
2347 3950 2494 4008 Tac.
2518 3954 2565 4014 4.

602 4014 741 4077 nist.
770 4019 824 4080 4.
862 4015 1002 4071 Dio.
1074 4018 1217 4093 Cap.
1248 4021 1423 4077 LXV.
1472 4020 1602 4080 ΒΝ.
1638 4022 1798 4094 Epit.
1838 4014 1978 4072 Dio.
2016 4015 2266 4073 Sueten.
2298 4017 2459 4095 Aug.
2490 4034 2564 4087 39-

606 4085 748 4138 Tac.
779 4082 927 4137 Anu.
958 4086 1026 4153 3,
1059 4102 1150 4155 7²·
2160 4142 2169 4150 ,
