2675 4642
655 262 769 332 104
824 254 1226 316 FREINSH.
1252 251 2087 318 SUPPLEMENTORUM
2107 254 2257 315 [ΛΒ.
2273 253 2568 317 LXXX.

309 457 381 512 U·
417 474 470 511 ⁰·
500 456 626 525 ‘70⁶-
653 484 811 524 rent.-
853 468 1023 544 neque
1058 461 1201 522 bella
1230 466 1391 545 geri,
1435 466 1599 522 etiam
1621 506 1639 538 ‚
1682 464 1827 544 quod
1865 459 2221 542 trilitfflmum
2262 462 2370 541 est,
2412 461 2646 522 civilia

309 531 378 582 Α·
416 527 483 580 C·
513 530 604 594 4⁶·
654 543 905 626 necestum
929 544 1124 626 foret,
1172 564 1338 624 neque
1373 566 1441 602 ex
1479 542 1636 605 bellis
1670 548 1915 626 deinceps
1954 541 2057 604 aut'
2089 564 2315 604 cruenta
2350 545 2513 621 odia,
2568 564 2655 602 au

310 642 525 699 Butam
537 662 624 714 ε..
653 627 888 688 occultae
914 625 1241 707 suspiciones
1278 629 1614 686 timerentur
1629 630 1656 687 .'
1699 626 1829 698 Sed,
1848 660 1857 669 »
1873 626 2086 706 quando
2118 645 2310 685 contra
2341 628 2656 706 potentian

267 723 409 787 stum
438 731 590 769 extu·
650 729 705 770 et
747 708 1162 786 improbitatem·
1185 725 1476 787 paucorum
1513 708 1736 790 defi-ndi
1770 707 2152 789 rempublicam
2187 710 2443 788 oportuit
2463 749 2488 780 ,
2565 727 2655 765 ur¹

275 797 389 841 sat.
650 794 855 871 misque
885 790 1194 860 vindicari,
1239 790 1385 869 quod
1410 794 1677 850 amicitiae
1689 789 1927 869 jurique
1961 791 2279 872 denegatum
2297 791 2557 870 suerat,
2613 792 2656 847 iv

651 893 765 932 eam
811 865 1165 947 neceffitatem
1208 872 1424 944 incidi,
1480 892 1546 930 ut
1583 891 1682 931 aut
1717 871 1846 931 mihi
1882 871 2181 931 cadendum
2221 890 2340 928 cum
2375 867 2656 929 libertae.

635 955 827 1037 suerit
847 995 864 1025 ,
907 968 1025 1031 *aut
1060 956 1104 1012 ii
1138 951 1518 1034 prosternendi
1534 995 1552 1027 ,
1613 957 1709 1036 qui
1760 970 1858 1017 uos
1899 953 2151 1035 perditos
2192 950 2518 1031 deletasque
2564 970 2656 1012 cu·

643 1036 891 1118 piebant.
2217 1038 2234 1060 ‘
2484 1048 2491 1073 ⁸

725 1158 890 1219 ame
928 1157 1012 1217 Ea
1038 1155 1286 1216 Fortuna
1312 1153 1779 1236 quidem'justiori
1807 1153 1994 1238 adfuit
2036 1155 2264 1238 caussae,
2305 1152 2656 1218 multorum-

652 1261 756 1327 que
783 1237 1120 1322 proeliorum
1149 1257 1345 1298 eventu
1377 1237 1715 1312 declaravit,
1760 1238 1999 1299 nondum
2035 1238 2274 1320 abjeciffi‘
2307 1260 2510 1321 curam
2544 1241 2656 1301 Ro-

653 1343 840 1383 manae
880 1324 961 1380 rei
989 1320 1164 1381 Deos.
1248 1321 1431 1401 Atque
1452 1320 1565 1380 ‘hoa
1611 1323 1774 1380 etiam
1801 1318 2038 1401 fiebin‘de
2074 1320 2355 1403 apparebit
2391 1321 2656 1394 clarius,

652 1425 817 1485 quum
878 1422 999 1462 acta
1030 1400 1376 1482 consultaque
1421 1421 1535 1462 mea
1572 1401 1689 1462 dies
1721 1406 1964 1483 aperiet,
2011 1408 2320 1485 magnisque
2344 1403 2656 1463 documen-

652 1490 729 1546 tis
763 1502 830 1565 pa
855 1507 940 1542 am
1018 1503 1073 1544 et
1090 1526 1107 1555 ,
1152 1484 1366 1565 qualem
1402 1488 1453 1543 ei
1487 1483 1744 1544 dederint
1785 1488 2020 1544 animum
2038 1526 2057 1560 ,
2104 1489 2191 1546 cui
2231 1486 2428 1547 daturi
2470 1489 2656 1548 victo-

553 1576 562 1589 '
648 1570 791 1628 riam
827 1565 956 1627 belli
995 1565 1390 1646 arbitriumque
1423 1568 1575 1646 pacis
1599 1563 1860 1646 fuerant.

289 1704 626 1762 Clementiam
775 1698 888 1763 1V.
957 1696 1152 1758 Nolim
1190 1699 1331 1767 enim
1372 1695 1608 1773 vestrum
1655 1718 1971 1780 quemquam
2024 1703 2107 1761 ita
2163 1698 2395 1781 maligne
2442 1698 2526 1760 de
2575 1720 2656 1759 me

274 1780 578 1849 inmutar-
639 1783 901 1865 judicare
920 1822 938 1851 ‚
985 1780 1196 1839 Patres.
1217 1779 1541 1859 conscripti,
1574 1799 1658 1843 ut
1690 1778 1926 1841 aliorum
1957 1781 2199 1863 exempla
2218 1823 2237 1854 ,
2294 1800 2463 1862 quam
2508 1782 2653 1840 meos

445 1866 456 1871 ’
653 1886 828 1926 mores
848 1903 866 1932 ‚
915 1860 1280 1942 sequuturum
1312 1876 1506 1942 putet.-
1569 1882 1769 1943 neque,
1816 1859 1878 1942 Ji
1909 1862 2041 1925 mihi
2084 1866 2318 1924 victoria
2359 1862 2612 1923 contulit
2630 1903 2648 1935 ,

629 1967 719 2008 -ut
739 1942 954 2026 possem,
999 1962 1135 2023 quae
1160 1946 1390 2023 cupiam,
1421 1943 1633 2025 facere,
1676 1945 1836 2005 aliud
1856 1944 2148 2029 facturum
2173 1944 2441 2016 credatis,
2482 1964 2646 2026 quam

646 2044 916 2110 oporteat.
1001 2025 1061 2085 Si
1093 2025 1386 2097 Marium,
1431 2044 1487 2084 et
1514 2025 1787 2099 Cinnam,
1828 2048 1883 2089 et
1910 2027 2118 2089 Sullam
2136 2070 2154 2102 ,
2197 2046 2437 2108 quorum
2471 2044 2643 2089 natu-

645 2130 768 2171 ram
803 2105 1107 2188 periculum
1146 2126 1385 2179 texerat,
1425 2107 1777 2168 nudaverunt
1808 2113 2098 2180 victoriae‚·
2140 2129 2248 2170 non
2278 2107 2402 2169 ideo
2439 2128 2527 2168 nte
2558 2107 2645 2167 his

646 2189 880 2252 similem
909 2187 1042 2270 fore
1083 2187 1522 2264 existimaveritis
1539 2229 1557 2261 ,
1621 2189 1777 2269 cujus
1820 2192 2236 2253 moderationem
2255 2233 2274 2263 ,
2335 2209 2402 2249 ne
2448 2210 2637 2250 recen·

636 2273 810 2356 Jenda
832 2267 1053 2353 singula
1088 2291 1169 2329 me
1199 2267 1434 2329 laudare
1461 2270 1685 2345 videar,
1742 2292 1848 2333 non
1890 2292 2178 2333 mutarunt
2223 2291 2306 2337 tot
2332 2328 2339 2335 .
2348 2269 2637 2351 prospera,

639 2355 743 2437 ῥά
784 2350 1177 2433 probaverunt.
1265 2352 1561 2413 Enimvero
1600 2370 1767 2433 neque
1807 2373 1936 2438 erga
1970 2354 2276 2416 Fortunam
2298 2356 2633 2417 ‚irreveren-

650 2456 740 2498 ter
778 2455 860 2494 me
886 2453 1074 2514 geram
1092 2475 1109 2506 ‚
1154 2451 1251 2492 aut
1286 2432 1711 2515 indignationem
1747 2435 1989 2498 excitabo
2019 2428 2269 2497 Deorum
2285 2478 2303 2509 ‚
2346 2455 2487 2516 quos
2505 2434 2634 2517 fer-

652 2538 735 2578 me
785 2536 893 2577 non
943 2514 1177 2574 ulterius
1226 2511 1478 2593 beneficia
1516 2514 1623 2597 fita
1647 2515 1822 2598 sarta
1866 2537 2007 2578 tecta
2058 2517 2333 2599 praestare
2375 2518 2627 2599 cognovi,

654 2618 814 2680 quam
853 2598 1018 2657 donec
1052 2595 1287 2656 homines
1318 2595 1401 2657 his
1431 2597 1659 2677 modeste
1689 2618 1852 2680 atque
1872 2597 2155 2681 sapienter
2185 2618 2451 2661 utuntur.

303 2716 634 2793 Eumquesi·
779 2720 862 2784 V.
909 2717 1105 2799 Neque
1140 2738 1270 2778 vero
1307 2717 1374 2778 ab
1403 2722 1562 2779 initio
1594 2717 1725 2780 belli
1755 2719 1913 2782 aliud
1939 2721 2070 2783 mibi
2088 2716 2423 2804 propofi'tum
2454 2737 2629 2779 armo·

286 2792 346 2874 ω’,
363 2791 545 2856 Ῐ“ῖ“’
575 2803 634 2840 ⁶¹·
661 2823 784 2863 rum
814 2804 1120 2883 praemium
1141 2799 1304 2881 ficit,
1349 2821 1508 2882 quam
1550 2820 1647 2873 ut,
1692 2807 1838 2864 victa
1875 2806 2086 2865 invidia
2118 2823 2280 2885 atque
2313 2800 2627 2883 insolentia,

286 2862 614 2982 ’‘fga-57⁸
657 2888 925 2945 virtutem
964 2881 1288 2962 explicarem
1329 2903 1496 2943 meam
1535 2902 1687 2956 tuto,
1745 2903 1802 2946 et
1846 2906 1915 2947 ex
1955 2884 2199 2971 augenda
2241 2883 2496 2945 utilitate
2528 2901 2628 2962 pn-

285 2945 320 2983 ⁰
548 2960 565 2980 ’
661 2965 799 3026 blica
831 2964 1066 3048 gloriam
1106 2964 1503 3044 adquirerem.'
1534 2962 1695 3048 Quos
1724 2972 1900 3050 igitur
1932 2974 1993 3031 in
2012 2969 2149 3029 ‘aliis
2189 2964 2516 3048 reprehendi
2542 2982 2625 3020 at-

658 3069 760 3129 que
799 3044 1149 3129 persequutus
1171 3045 1297 3127 firm
1332 3067 1542 3118 mores,
1586 3050 1691 3121 iis,
1734 3048 1904 3131 absit,
1951 3071 2016 3111 ut
2055 3073 2135 3110 me
2169 3052 2376 3130 cupiam
2413 3045 2637 3114 dedere,

647 3127 979 3212 similemque
1015 3126 1097 3187 his
1132 3127 1424 3205 ostendere,
1474 3149 1606 3210 quos
1626 3128 1907 3211 Juperavi.
1992 3136 2110 3209 Ego
2145 3148 2274 3193 vero
2309 3131 2493 3210 potius
2520 3120 2635 3206 '’pst“

648 3211 892 3297 fortuna
925 3230 1035 3269 mea
1061 3214 1295 3284 incitor,
1341 3212 1440 3284 ut',
1483 3205 1591 3289 nist
1615 3211 1745 3271 olim
1764 3211 1976 3296 summa
2005 3215 2135 3277 mibi
2161 3211 2420 3279 voluntas
2437 3203 2633 3293 fiuffet

662 3297 847 3352 omnia
869 3297 1169 3373 rite-atque
1199 3293 1393 3352 ordine
1426 3290 1877 3372 administrandi,
1921 3298 2012 3359 vel
2041 3299 2172 3360 inde
2202 3295 2462 3374 majorem
2475 3291 2631 3374 lumb}

664 3386 867 3457 pturus
905 3374 1160 3455 impetum
1179 3373 1417 3456 fuerim.
2626 3380 2629 3457 j

327 3511 415 3569 ‚Ee
427 3509 644 3593 creoiffe
771 3499 904 3573 „VL
947 3497 1129 3585 Qem
1164 3500 1305 3558 enim
1336 3503 1521 3578 potius
1551 3497 1860 3585 benefacere
1892 3497 2080 3559 multis
2113 3517 2302 3560 verum
2337 3495 2429 3577 est,
2471 3506 2619 3578 quam

283 3577 412 3634 tum
440 3582 625 3653 sortu-
664 3588 826 3664 penes
858 3594 1013 3661 quem
1048 3588 1232 3640 earum
1264 3601 1451 3640 rerum
1486 3582 1720 3640 maxima
1754 3580 1827 3658 est
1842 3578 2133 3664 fhctdtas?
2174 3582 2261 3640 cui
2293 3598 2425 3640 vero
2458 3581 2558 3636 min

261 3679 270 3687 ·
294 3660 389 3706 ⁶⁶·
668 3684 767 3725 aut
798 3660 1085 3743 conceffiem
1117 3662 1191 3739 est
1224 3679 1459 3743 peccare,
1501 3682 1599 3722 aut
1629 3661 2020 3743 neceffitrium?
2059 3658 2310 3723 Deorum
2345 3679 2519 3720 autem
2539 3656 2568 3716 b

553 3740 562 3749 ’
668 3742 858 3822 neficia
876 3754 886 3775 ⁸
901 3765 956 3802 a·
975 3760 1086 3826 quo·
1129 3744 1398 3821 aestimari
1442 3749 1645 3805 rectius
1674 3743 1887 3825 poffunt
1900 3764 1931 3819 ¹,-
1981 3762 2140 3826 quam
2172 3743 2245 3804 ab
2272 3764 2330 3803 eo
2346 3783 2363 3815 ,
2423 3741 2505 3802 cui
2534 3736 2576 3796 il

660 3825 876 3910 fimena
906 3829 1083 3886 onmia
1123 3825 1537 3887 ἱιυηι’ἃιιὶεηιητκῗΚ
1570 3823 1738 3924 Quis·
1756 3828 2011 3907 majorem
2053 3822 2358 3888 concordiae
2384 3823 2555 3905 pacisq

663 3906 912 3991 publicae
943 3919 1068 3991 aget
1101 3914 1306 3981 carana
1329 3916 1510 3989 'quam
1528 3914 1697 3989 'cujus
1737 3930 1850 3969 eam
1869 3908 2095 3991 firnat‘i
2118 3911 2347 3967 maxime
2370 3898 2573 3975 interest

672 3989 734 4051 Is
765 3994 939 4072 igitur
974 4011 1029 4051 et
1063 3994 1238 4050 animo
1276 3989 1564 4072 imperabit
1593 3991 1924 4073 plurimum,
1962 4010 2031 4050 ·et
2056 3992 2296 4069 potentia
2329 4003 2519 4063 temper

670 4093 761 4133 ter
804 4080 1030 4134 utentia·
1076 4076 1249 4152 ‹queis
1279 4068 1399 4154 fine
1433 4078 1708 4134 contineri
1748 4082 1989 4155 mag-nam
2023 4072 2361 4153 felicitatem¹
2386 4067 2483 4128 die
2513 4082 2547 4124 n

666 4151 828 4238 pff,
875 4174 1026 4217 nemo
1053 4153 1290 4221 dubitat.
1358 4154 1529 4241 Qid-
1544 4153 1608 4240 fi
1632 4156 1709 4218 ad
1736 4156 1859 4241 baec
1891 4156 2107 4245 accedat
2124 4150 2370 4235 studium
2394 4147 2485 4234 glo
2527 4148 2536 4157 '

1654 4246 1743 4287 „⁸-
1844 4252 2423 4297 .⁴2201.*.2....1,
