2675 4642
555 225 649 289 m
696 220 1000 313 Locmt
1028 223 1206 289 Lm.
1257 220 1454 290 cxx.
1506 223 1739 290 mvn.
1909 192 1922 213 ‘
2040 221 2166 287 355

268 435 354 496 1...
397 439 638 519 Neque
677 435 1116 520 dedignentur
1150 436 1438 519 optimae
1479 445 1806 495 matronae
1844 434 1988 517 pari
2021 434 2163 519 pie·
2220 432 2293 489 U·
2329 446 2382 485 e.
2411 444 2537 500 709.-

150 526 286 578 tate
340 516 660 601 conjungi
711 519 839 580 sibi
879 519 1161 602 Coponii
1208 536 1526 592 uxorem3
1587 537 1968 600 quamquam
2013 518 2159 592 illa,
2220 506 2292 556 A·
2329 503 2530 583 ⁰143·

149 598 405 661 ceteris
428 598 797 673 infelicior,
843 614 1159 662 servatam
1187 619 1267 661 eo
1291 618 1499 682 usque
1524 598 1939 681 pudicitiam,
1984 598 2161 661 redi·
2194 573 2520 696 ''C“ffiz'fuff

152 679 385 740 mendi
422 681 559 743 viri
600 682 840 751 csuss'a,
888 687 976 743 M.
1014 681 1304 745 Antonio
1345 677 1692 762 prostituit.
1777 685 2006 762 Neque
2046 681 2168 742 mi·
2247 677 2264 696 ⁸
2474 676 2495 697 ⁶

154 783 278 823 nus
324 765 424 823 M.
475 765 571 823 Le
623 764 767 827 idus
820 763 1069 846 gratiae
1124 778 1231 825 aut
1278 760 1588 848 precibus
1642 761 2042 841 exorabilem
2094 783 2169 827 se

154 844 491 928 praebuit.
574 786 727 907 {loc
765 847 938 906 enim
976 846 1407 916 connivente,
1453 843 1906 904 centurionum
1944 843 2169 906 huma-

158 926 362 997 nitas,
415 925 689 989 fratrem
725 926 1142 1009 imperatoris
1183 927 1284 987 sui
1325 925 1808 996 reverentiam,
1856 924 2170 1008 effugium
2203 988 2210 993 ,

162 1010 235 1069 L.
263 1007 512 1069 Paullo
544 1010 611 1068 in
641 1009 980 1073 Graeciam
1014 1008 1238 1086 dedit3
1284 1006 1482 1078 unde,
1526 1006 1783 1067 mortuo
1819 1010 1907 1067 M.
1936 1010 2168 1080 Brute,

156 1090 468 1151 Miletum
508 1089 883 1188 profectus,
925 1090 1091 1152 hanc
1130 1089 1350 1152 exsilii
1399 1089 1622 1150 sedem
1662 1086 1905 1150 habuit.
1991 1090 2172 1152 Alias
2273 1128 2286 1141 ι

160 1172 337 1233 euim
376 1170 743 1234 difficulter
780 1171 1061 1234 evadere
1096 1171 1458 1257 proscripti
1493 1183 1829 1254 poterant:
1876 1171 2025 1253 quia
2054 1168 2174 1233 sta-

130 1255 314 1326 xtim,
377 1253 624 1318 tabulis
674 1254 1075 1338 propositis,
1139 1253 1441 1316 stationes
1490 1252 1569 1312 ad
1617 1266 1837 1335 portas
1876 1252 2173 1336 aliosque

160 1335 348 1397 urbis
408 1337 625 1396 exitus
671 1337 1011 1418 oppositae
1064 1349 1251 1398 sunt:
1321 1347 1550 1418 portus
1599 1334 1792 1395 etiam
1833 1333 1976 1416 pari
2022 1334 2173 1396 dili-

162 1418 387 1500 gentia
427 1417 793 1479 observati:
838 1418 1016 1479 lacus
1047 1418 1205 1500 quin
1235 1417 1429 1479 etiam
1461 1426 1529 1478 et
1601 1414 1847 1487 eludes,
1893 1428 1961 1479 et
1985 1416 2176 1498 quid-

166 1499 321 1642 (ἑιιίᾶ
360 1498 477 1563 vel
512 1498 822 1584 effugium
856 1499 1176 1584 praeliare
1209 1500 1430 1585 polre,
1475 1517 1558 1564 ve
1618 1496 1936 1577 latebras,
1988 1497 2172 1562 vide·
2283 1514 2298 1529 ⁶

216 1594 382 1644 atur.
1274 1604 1280 1610 ·

283 1689 398 1753 Lt.
446 1687 660 1773 Igitur
700 1703 767 1755 et
802 1691 970 1754 intra
1005 1688 1236 1754 urbem
1275 1703 1342 1753 et
1382 1700 1561 1752 extra
1586 1730 1605 1760 ,
1651 1683 2173 1753 discurrentibus
2233 1700 2540 1774 prim-{pm

183 1771 394 1855 pass'im
448 1774 986 1848 centurionibus,
1047 1772 1234 1836 multi
1283 1770 1811 1834 trucidabantur:
1874 1773 2170 1856 virique,
2198 1775 2552 1827 virorumeri.

175 1848 357 1915 moilo
402 1876 648 1916 summa
684 1859 752 1917 in
786 1857 1172 1918 auctoritate
1209 1852 1572 1926 constituti,
1621 1852 1700 1914 ad
1741 1851 2173 1937 effugiendam
2191 1844 2297 1907 ste*
2325 1856 2543 1908 mortes,

173 1944 441 2010 necem,
486 1937 712 2011 habitu
751 1953 859 2000 aut
898 1938 1064 2000 locis
1104 1937 1453 2000 obscoenis
1488 1935 1973 1996 occulebantur.
2045 1939 2176 1999 Ne·-
2200 1913 2549 1967 “⁴¹¹⁸“bf‘oe·

175 2038 293 2101 que
336 2019 762 2102 percussores
803 2033 1047 2082 tantum
1087 2021 1515 2103 timebantur,
1581 2030 1652 2077 ut
1692 2037 1825 2087 non
1860 2017 2007 2100 plus
2045 2018 2177 2078 sol·

173 2097 541 2163 licitudinis
576 2123 615 2175 a
641 2100 1070 2165 familiaribus
1112 2102 1292 2165 ess'et.
1398 2097 1616 2161 Alium
1666 2098 1921 2161 insensa
1971 2121 2173 2172 uxor,

187 2182 383 2249 alium
408 2183 651 2265 ingrati
686 2182 885 2246 liberi
921 2184 1242 2248 habebant
1276 2182 1596 2253 anxiumt*
1635 2181 1938 2265 plerique
1971 2182 2178 2243 liber·

185 2275 267 2325 tos
314 2284 646 2329 servosve
687 2286 878 2338 suos,
920 2281 1029 2329 aut
1063 2260 1443 2336 debitores,
1486 2276 1596 2325 aut
1634 2262 1890 2324 vicinos
1928 2276 2179 2325 metue·

173 2343 342 2409 bant.
378 2370 385 2375 ·
451 2347 761 2409 Omnium
801 2348 1012 2425 odiis„
1073 2365 1479 2435 quacumque
1522 2344 1869 2408 occasione
1915 2346 2174 2429 coepis-

171 2442 351 2503 sent,
419 2422 764 2492 trississ'ima
799 2444 1094 2514 tempora
1131 2433 1301 2494 viam
1344 2429 1432 2490 ad.
1457 2427 1807 2491 vindictam
1838 2427 2175 2512 patefece-
2255 2436 2260 2443 “

165 2524 333 2573 rant.
429 2508 640 2593 Igitur
678 2532 909 2584 senes,
969 2514 1234 2574 summis
1274 2510 1636 2573 honoribus
1680 2509 1820 2581 usi,
1875 2508 1958 2569 ad
1997 2529 2171 2571 man·

167 2592 507 2675 cipiorum
543 2612 808 2655 suorum
839 2593 1225 2657 adcidebant
1259 2613 1504 2676 genua,
1549 2591 2067 2652 misericordiam
2094 2613 2173 2655 o.

163 2687 419 2738 rantes.
483 2694 697 2757 neque
728 2675 855 2739 hoc
890 2691 1031 2738 erat
1064 2675 1568 2759 indigniss'imum
1589 2716 1606 2745 ‚
1669 2673 1788 2736 sed
1822 2673 1995 2757 quod
2031 2674 2176 2757 ple-

160 2775 454 2849 rumque
496 2757 662 2819 nihil
700 2770 873 2821 tanta
910 2757 1237 2821 humilitas
1275 2755 1683 2841 supplicandi
1717 2753 2128 2840 proficiebat.

290 2863 440 2925 L11.
501 2865 709 2927 Tanto
749 2864 1042 2928 deterior
1077 2879 1211 2928 tum
1249 2877 1389 2928 erat
1422 2866 1705 2934 Romae,
1767 2882 1956 2946 quam
1993 2863 2173 2937 bello
2218 2857 2556 2943 Gvgtlfn‘ue·

167 2959 240 3009 et
288 2942 374 3006 ab
429 2943 609 3009 hoste
651 2948 972 3031 oppress'is
1018 2951 1147 3012 ess'e
1190 2949 1395 3017 solet,
1455 2944 1774 3006 conditio.
1837 2966 1982 3004 nam
2030 2944 2169 3018 illi,
2199 2942 2557 3001 “''¹⁰''⁴7“⁶'¹⁸

168 3049 377 3112 quum
422 3026 501 3090 ab
539 3030 828 3091 externis
866 3044 1256 3114 urgeantur,
1317 3031 1384 3090 in
1416 3024 1546 3087 fide
1580 3039 1794 3088 tamen
1835 3041 2174 3111 atqueca-
2199 2999 2557 3121 fgsusswm·

166 3111 375 3172 ritate
411 3109 906 3173 domesticorum
942 3113 1404 3197 adquiescunt=
1446 3107 1555 3169 hic
1590 3126 1751 3168 vero
1790 3128 1920 3168 non
1961 3109 2172 3169 scelus
2284 3102 2302 3119 ⁶

166 3191 375 3253 modo
418 3205 611 3276 atque
645 3193 929 3255 offensas
969 3215 1272 3266 suorum,
1321 3189 1439 3253 sed
1472 3202 1536 3251 et
1576 3187 2033 3271 cupiditatem,
2082 3204 2170 3263 etz

168 3295 259 3337 ne
290 3274 459 3358 quid
487 3276 635 3336 mali
665 3275 928 3348 deesset,
966 3277 1263 3339 timorem
1290 3274 1567 3357 quisque
1598 3271 1940 3332 metuebat.
1987 3271 2173 3352 Quos

169 3355 356 3418 enim
393 3357 567 3437 nulla
603 3355 871 3441 propria
904 3359 1001 3418 ira
1037 3355 1427 3428 stimulabat,
1487 3354 1535 3414 ii
1571 3374 1688 3435 spe
1727 3350 2017 3414 ostentati
2051 3375 2172 3436 pu-

167 3438 355 3501 blice
396 3438 709 3520 praemii,
754 3454 858 3504 aut
892 3439 1404 3525 diripiendarum
1441 3455 1637 3519 opum
1669 3434 1972 3495 herilium
1999 3475 2016 3507 ,
2060 3434 2171 3511 ab·

150 3520 633 3616 ‚ripiebanturt
693 3508 999 3605 optimum
1054 3542 1376 3607 quemque
1419 3532 1609 3600 atque
1654 3514 2172 3578 modestiffimum

170 3620 398 3664 minae
433 3601 922 3671 triumvirorum
953 3604 1429 3677 absterrebant,
1474 3620 1555 3661 ne
1591 3620 1778 3684 quam
1814 3599 1947 3662 suis
1978 3618 2171 3683 opem

170 3682 367 3746 ferre
411 3684 831 3755 sustinerent.

300 3793 475 3852 Lm.
533 3791 812 3872 Reliqua
847 3811 1008 3855 vero
1043 3786 1389 3852 multitudo
1424 3803 1533 3852 aut
1562 3783 1980 3884 invelligabat
2010 3807 2166 3872 pro·
2214 3776 2558 3835 Foe²ffl¹⁸⁷⁶²⁸

176 3874 512 3958 scriptos,
555 3873 1001 3959 prodebatque
1043 3873 1122 3935 ad
1155 3892 1420 3935 necem:
1473 3886 1581 3933 sut
1619 3889 2023 3943 occisorum,
2068 3869 2168 3930 di-
2192 3849 2560 3989 gggsstf‘fin·

254 4059 404 4134 Cap.
434 4059 504 4113 L.
550 4059 799 4118 Sueton.
838 4061 987 4144 Aug.
1013 4078 1102 4133 ¹7.
1144 4059 1401 4138 Appian.
1436 4070 1495 4116 et
1523 4057 1661 4115 Dio.
1693 4056 1952 4135 Appiam.
2019 4057 2168 4131 Cap.

184 4124 340 4186 Lm.
381 4127 821 4221 CorngNepos,
851 4131 1030 4203 Attic-
1061 4150 1145 4188 n.
1222 4164 1225 4169 -
1613 4199 1675 4274 Z
1711 4223 1782 4272 ².
