2675 4642
102 2031 107 2040 ’
189 2111 202 2124 ³
227 2049 358 2102 dit.»

1700 122 1703 126 ’
1730 137 1739 172 ι

598 256 719 335 z1'7o
791 253 1200 350 anNSH.
1220 251 2071 362 surrnnmnmronum
2101 215 2589 322 L13.Lixlss.
2630 291 2646 296 -

257 453 330 515 U.
356 459 549 531 0.706.
603 464 765 545 juffu
795 464 1093 528 Caesaris
1131 465 1558 549 transportati
1601 479 1750 527 sunt
1784 487 1864 527 ex
1891 467 2070 528 Italia
2104 467 2444 542 nonnulli,
2469 468 2640 531 fre-

257 528 334 585 Α·
358 531 539 600 (3·46·
604 550 832 632 quenti
870 549 1102 610 horum
1145 563 1210 610 et
1247 549 1514 611 innoxio
1552 549 1698 609 visu
1738 548 1892 633 equi
1931 549 2172 626 timere,
2200 552 2584 635 desierunt.

205 669 578 724 ‘eaesarsuos
648 715 653 721 .
724 653 897 720 XIV.
974 656 1277 728 Interim,
1347 655 1630 717 adventu
1686 675 1805 729 suo
1859 674 1980 737 per
2030 651 2265 741 oppida
2307 660 2634 720 nunciari

212 737 449 823 ςβίςὶὶἰα
465 751 574 823 trfz·
602 736 761 817 juss'o
788 740 812 811 a]
863 738 1101 799 mult-os
1147 733 1389 799 excivit
1423 740 1699 810 Caesar,
1761 750 1833 798 ut
1876 736 1956 797 ad
1990 758 2134 798 eum
2168 739 2483 802 adeuntes
2529 741 2631 802 de

146 840 148 843 ’
200 810 578 891 yzcereperpee.
605 819 958 881 acerbitate
995 822 1155 882 Pom
1209 820 1543 901 ejanorum
1582 832 2039 903 quererentur.
2084 821 2393 883 hactenus
2426 823 2634 885 enim

212 890 526 971 “mmm“
600 913 735 962 ‘non
772 902 1022 983 ipsum,
1071 923 1142 964 se
1226 904 1505 984 aliquem
1549 902 1907 983 legatorum
1949 899 2127 982 ejus,
2168 905 2408 966 veniss'e
2457 924 2634 965 cre..

308 981 315 990 ²
604 981 928 1044 diderant.
1014 984 1167 1056 Ille,
1210 992 1427 1044 'motus
1466 983 1795 1044 hominum
1834 983 2158 1066 querelis,
2204 999 2269 1050 et
2304 984 2625 1047 vastatio-

602 1064 1085 1137 nem‘Africae,
1133 1086 1296 1148 quae
1335 1065 1774 1126 miserandum
1816 1064 1881 1124 in
1923 1064 2184 1127 modum
2224 1067 2626 1143 vexabatur,

603 1167 741 1207 non
774 1145 1000 1207 ferens
1027 1190 1044 1219 ‚
1090 1146 1312 1209 literas
1349 1147 1413 1207 in
1448 1147 1737 1209 Siciliam
1774 1146 1987 1219 misit,
2032 1149 2129 1208 uti
2160 1148 2301 1211 sine
2333 1169 2626 1211 excusa*

600 1228 788 1289 tione
822 1227 1056 1290 hiemis
1098 1242 1568 1312 ventorumque
1603 1226 1935 1289 confestim
1969 1229 2382 1308 trajiceretur
2411 1251 2629 1292 exer-

602 1310 825 1372 citus..
875 1323 1143 1394 eratque
1178 1311 1237 1371 is
1278 1310 1470 1372 ardor
1511 1311 1675 1382 viri,
1721 1324 1792 1371 ut
1821 1306 2129 1393 postridie
2153 1353 2170 1383 ,
2221 1333 2405 1396 quam
2435 1334 2627 1373 nun..

602 1392 781 1453 cium
822 1393 1128 1464 miserat,
1193 1391 1421 1453 oculos
1472 1405 1885 1474 mentemque
1936 1390 2016 1451 ad
2059 1411 2236 1454 mare
2283 1394 2621 1456 directam

604 1486 862 1546 tenens,
907 1480 1128 1535 morae
1157 1474 1721 1557 cunctationisque
1757 1493 1910 1533 suos
1939 1471 2364 1537 insimularet.
2416 1479 2628 1537 Mor-

546 1631 551 1634 ,
605 1554 801 1616 debat
843 1554 1232 1618 acerrimum
1269 1557 1773 1636 imperatorem,
1820 1554 1995 1636 quod
2022 1577 2237 1638 neque
2269 1559 2625 1639 suppetias

604 1636 707 1698 ire
742 1634 937 1698 fidem
976 1658 1149 1696 suam
1186 1636 1684 1719 implorantibus
1721 1650 2001 1720 poterat,
2047 1643 2113 1699 et
2141 1638 2627 1721 Scipionisjn-

606 1714 989 1780 sultationes
1036 1718 1381 1801 adspicere
1416 1717 1712 1802 quotidie
1751 1731 1941 1802 atque
1972 1717 2154 1782 ferre
2183 1719 2577 1804 cogebatur.

239 1889 244 1893 ‚
279 1840 464 1912 Scipi,
507 1840 583 1893 aa
729 1828 874 1892 XV.
932 1830 1096 1888 Nam
1128 1824 1282 1894 ille,
1343 1823 1801 1908 *superiori-bus
1841 1825 2119 1908 proeliis
2166 1848 2426 1889 suorum
2474 1829 2625 1891 ela-

228 1914 411 1978 castra
454 1913 578 1964 Cae·
607 1922 745 1980 tus,
813 1929 1008 1990 quum
1061 1929 1184 1991 per
1240 1906 1490 1989 aliquot
1545 1907 1890 1968 continuos
1944 1907 2086 1969 dies
2142 1931 2270 1970 non
2318 1910 2528 1993 longe
2581 1933 2617 1972 a

230 1982 580 2051 saris-proce.
609 1991 745 2051 suis
791 1988 1011 2051 castris
1053 1988 1357 2051 instructa
1398 1991 1537 2051 acie
1579 1985 1876 2059 stetisset,
1920 2003 2135 2072 neque
2166 1993 2404 2052 Caesar
2445 2004 2649 2054 con-'

489 2097 497 2103 ·
580 2067 706 2133 'tra
752 2073 1005 2152 exiret,
1071 2076 1447 2153 contempto
1493 2070 1749 2133 tandem
1783 2068 2001 2142 hoste,
2063 2071 2149 2133 'ad
2188 2071 2382 2135 castra
2423 2074 2620 2136 illius

607 2155 1107 2237 cumexplicata
1144 2155 1291 2215 acie
1332 2166 1401 2215 et
1438 2152 1801 2236 elephantis
1836 2154 2166 2235 proceffit.
2253 2154 2340 2217 At
2366 2159 2622 2218 Caesar

605 2234 826 2297 castris
872 2236 1369 2314 tenebat-suos,
1432 2255 1597 2317 quae
1642 2249 1868 2295 contra
1915 2237 2268 2316 quamlibet
2311 2239 2441 2297 vim
2486 2237 2621 2299 ho-

604 2315 823 2390 stium,
874 2339 1142 2400 operum
1184 2311 1790 2399 tormentorumque
1832 2318 2248 2379 multitudine
2296 2333 2362 2380 et
2400 2317 2620 2381 firmi-

604 2412 735 2461 tate
757 2442 773 2472 ,
819 2414 886 2460 et
916 2401 1065 2483 quia
1095 2409 1411 2483 praesens
1445 2400 1587 2482 ipse
1619 2412 1779 2471 erat,
1828 2398 1983 2476 satis
2011 2401 2395 2482 muniverat.
2474 2407 2619 2463 Ne-

651 2502 733 2544 ue
786 2481 868 2543 de
918 2483 1191 2543 victoria
1246 2480 1412 2541 male
1467 2501 1738 2563 sperans
1789 2481 1957 2539 intra
2004 2482 2239 2541 vallum
2284 2482 2615 2545 manebat.

604 2502 774 2634 ged,
837 2565 985 2647 quia
1024 2584 1169 2624 cum
1206 2564 1448 2644 paucis,
1478 2577 1545 2624 et
1581 2563 1909 2623 tironibus
1952 2565 2221 2625 vincere
2261 2565 2401 2626 sine
2439 2567 2619 2627 mul-

603 2657 673 2704 to
721 2666 983 2708 suorum
1024 2644 1337 2726 sanguine
1373 2645 1721 2728 nequibat,
1767 2658 1959 2726 turpe
1997 2643 2287 2719 rebatur,
2333 2644 2473 2730 post
2514 2661 2621 2708 tot

605 2726 900 2788 devictos
941 2725 1213 2787 hostium
1253 2728 1585 2788 exercitus
1610 2773 1627 2799 ,
1677 2746 1824 2788 cum
1865 2726 2169 2811 reliquiis
2211 2744 2617 2813 pugnantem

570 2823 939 2875 &mentam
974 2806 1332 2870 existimare
1373 2809 1660 2871 retuliss'e
1697 2807 2060 2870 victoriam.

263 2929 422 2987 Ab„
441 2935 584 2990 mut.
722 2918 907 2994 XVI.
955 2919 1024 2977 In
1062 2935 1141 2976 eo
1184 2913 1336 2976 statu
1375 2929 1596 2975 rerum
1632 2914 1792 2977 licet
1829 2918 2135 2999 superior
2157 2918 2390 3002 'Scipio
2421 2919 2620 2982 vide-

233 3004 280 3054 n·
315 3007 567 3068 transfu-
611 3011 832 3068 retur,
878 2999 1064 3059 multi
1101 3011 1311 3059 tamen
1350 3018 1432 3059 ex
1468 2994 1687 3058 castris
1724 2997 1863 3078 ejus
1892 2998 2357 3082 profugiebant
2381 3002 2617 3064 Numi-

230 3073 388 3140 giam
439 3074 513 3124 “d
613 3080 733 3141 dae
768 3081 1024 3142 Gaetuli
1074 3101 1198 3152 ue,
1310 3099 1543 3141 uorum
1596 3078 1709 3139 alii
1756 3079 2140 3163 repetebant
2185 3083 2452 3155 domna,
2501 3083 2620 3146 alii

231 3142 538 3236 famum·
613 3183 685 3224 se
722 3162 1046 3224 transfere
1097 3177 1203 3223 ant
1233 3102 1310 3223 ad
1344 3164 1723 3234 Caesarem,
1774 3183 1965 3245 quem
1996 3164 2066 3224 C.
2100 3165 2293 3225 Marii
2329 3165 2617 3227 adfinem

613 3245 741 3306 effe
777 3244 1179 3317 didicerant,
1238 3243 1421 3323 cujus
1461 3246 1710 3326 magnis
1747 3242 2098 3307 beneficiis
2130 3247 2259 3330 ipsi
2293 3247 2616 3327 majores-

612 3316 968 3389 ve-eoru'm
1015 3326 1444 3400 fuerant-usi.
1542 3328 1797 3386 Horum
1845 3317 2233 3390 illustriores
2292 3329 2616 3411 quosdam

611 3410 812 3471 mittit
854 3430 1000 3471 cum
1040 3401 1328 3480 litteriS,
1394 3421 1466 3469 ut
1520 3408 1876 3491 populares,
1937 3431 2091 3492 suos
2150 3411 2228 3472 ab
2255 3407 2613 3500 ⁵obsequio

502 3507 509 3538 ¹·
610 3490 884 3554 hostium
922 3491 1002 3551 ad
1035 3491 1279 3552 amicos
1322 3491 1672 3575 sociosque
1714 3489 2234 3556 transducerent.

733 3599 936 3663 XVII.
987 3598 1253 3658 Interim
1285 3611 1352 3658 et
1374 3597 1600 3678 Leptis
1633 3617 1666 3656 a
1700 3598 1969 3659 Saserra
2000 3614 2221 3662 contra
2251 3591 2616 3663 Labienum

569 3709 576 3730 ι
615 3678 885 3742 ‘defensa
916 3676 1037 3756 est3
1085 3680 1363 3741 Acillani
1410 3679 1653 3755 (libera
1691 3680 1922 3742 civitas
1957 3696 2118 3755 erat,
2163 3683 2615 3745 Melitensium

611 3762 908 3842 colonia)
946 3776 1217 3845 recepto
1257 3761 1555 3824 Caesaris
1600 3762 1975 3845 praesidio,
2034 3764 2213 3850 quod
2243 3767 2315 3827 C.
2344 3768 2615 3828 Mess'ius

556 3987 559 3992 -
679 3954 830 4025 Cap.
863 3952 1020 4007 xm.
1060 3950 1199 4006 mo.
1275 3950 1423 4022 Cap.
1447 3951 1608 4009 XIV.
1647 3949 1820 4022 Auqt.
1859 3949 1931 4005 de
1959 3952 2030 4008 B.
2053 3950 2235 4006 Afric.
2314 3950 2617 4022 Cap.XV.

609 4017 765 4078 Plut.
785 4022 955 4078 CaeS.
993 4021 1165 4075 Auct.
1186 4019 1261 4075 de
1275 4023 1343 4074 B.
1365 4019 1552 4076 Afric.
1609 4020 1769 4092 -Cap.
1789 4023 1886 4077 XV
1899 4024 1948 4075 1.
1986 4022 2123 4076 Did.
2161 4021 2334 4074 Auct.
2358 4018 2428 4086 de
2446 4020 2519 4073 B.
2539 4020 2620 4072 A.

609 4091 801 4219 {gi-c
822 4092 970 4166 Cap.
993 4089 1174 4147 XVII.
1216 4089 1458 4202 Strabo,
1492 4086 1535 4144 l.
1563 4092 1646 4149 ιθ.
1676 4108 1741 4163 p.
1760 4090 1886 4149 831.
1927 4092 2211 4165 stephan.
2248 4087 2518 4204 auct-:de
2537 4091 2614 4147 Β.
