2675 4642
227 474 299 530 U.
332 488 383 527 c.
404 488 533 541 700·

561 256 602 321 3
614 255 685 321 16
733 252 1142 320 FREINSIL
1168 238 2011 316 SUPPLEKENTORUM
2029 248 2177 311 Lm.
2194 243 2620 311 LXXXIV.

686 463 864 526 XIV.
923 460 1140 556 Quum
1177 458 1247 519 in
1284 455 1482 520 castra
1517 479 1633 519 sua
1668 476 1893 520 omnes
1928 455 2302 531 rediiss'ent,
2357 459 2619 521 Anto-

225 543 300 596 Α·
330 542 399 597 C·
431 542 521 608 43·
566 546 680 609 nio
719 545 1056 607 decretum
1090 554 1230 603 erat
1262 538 1595 601 abstinere
1630 539 1945 626 proeliis,
1987 559 2226 622 urgere
2260 540 2624 602 obsidio-

207 613 384 668 Aliud
393 627 543 683 proe-

190 684 347 749 lium,

566 650 755 700 nem,
801 641 868 689 et
905 627 1231 709 equitatu,
1276 643 1403 705 qua
1439 636 1625 706 parte
1666 621 1904 685 virium
1989 623 2406 703 raevalebat,
2468 623 2623 684 ho-

566 710 767 779 ssibus
800 706 1134 791 negotium
1169 704 1526 783 facess'ere3
1575 703 1786 765 donec
1818 722 1939 765 con
1976 717 2158 765 ectus
2192 703 2372 765 fame
2401 709 2625 765 Bru-

565 807 673 855 tus
725 789 1125 853 deditionem
1179 786 1402 849 facere
1453 794 1825 869 cogeretur.
1912 785 2045 847 Sed
2086 786 2312 848 eadem
2360 789 2624 848 cauffa

568 873 854 937 diversis
891 871 1163 935 ducibus
1199 866 1670 945 festinationem
1708 868 2039 931 suadebat.
2097 868 2384 942 Idcirco,
2441 869 2623 930 fru-

565 955 691 1019 stra
725 954 984 1037 saepius
1019 948 1197 1013 hoste
1236 951 1580 1047 laceffito‚·
1617 971 1741 1033 qua
1778 964 1964 1034 parte
2001 951 2243 1012 Mutina
2284 966 2625 1033 propter

456 1084 465 1099 .
566 1038 866 1100 locorum
913 1050 1202 1097 naturam
1242 1031 1460 1096 claudi
1497 1053 1709 1093 minus
1748 1044 2086 1129 potuerat,
2129 1052 2622 1115 perrumpere

238 1600 301 1650 In
320 1572 430 1666 ’quo
463 1612 551 1649 ca-

197 1667 285 1748 df't
302 1667 545 1720 Cos-Hir·

204 1748 337 1791 tuns-

106 3086 113 3099 *
231 2982 428 3093 Magna
444 3021 553 3076 cla·
576 3016 581 3027 ¹

200 3093 292 3144 des
330 3092 517 3145 civilis

200 3161 351 3216 boui.

222 3606 239 3621 f
267 3552 498 3608 Antonin·

200 3623 549 3678 consultatio.

571 1118 828 1190 conati,
916 1138 1063 1178 uum
1101 1116 1424 1179 Antonius
1465 1116 1643 1176 solos
1684 1129 1940 1198 equites
1978 1114 2330 1186 emisiss'et‚
2383 1117 2619 1198 equi-⁸

569 1214 708 1262 tatu
748 1220 865 1261 suo
957 1204 1013 1260 is
1054 1198 1398 1282 oppositO,
1458 1210 1530 1258 ut
1567 1193 2001 1268 instituerant,
2064 1197 2382 1277 Mutinam
2430 1217 2619 1258 cum

568 1282 944 1366 legionibus
974 1283 1073 1343 ire
1104 1291 1557 1363 perrexerunt.
1644 1280 1808 1338 Tum
1838 1298 1999 1340 vero
2016 1277 2343 1341 Antonius
2379 1280 2616 1340 omit-

570 1364 807 1426 tendae
837 1363 1123 1425 Mutinae
1148 1376 1330 1423 metu
1363 1360 1662 1443 legiones
1698 1358 1856 1421 duas
1889 1358 2231 1443 produxit:
2276 1361 2620 1445 reliquas

573 1467 654 1510 ex
691 1446 837 1508 aliis
876 1443 1093 1507 castris
1131 1443 1340 1505 adciri
1373 1462 1662 1527 propere
1696 1440 1891 1522 juffit.

694 1577 842 1643 XV.
901 1576 988 1637 At
1020 1574 1278 1635 Hirtius
1316 1587 1382 1634 et
1411 1574 1685 1645 Caesar,
1734 1571 1973 1654 cupide
2018 1571 2292 1655 adgressi
2337 1572 2613 1635 instru-

577 1674 755 1733 ctos,
804 1657 1179 1741 priusquam
1209 1655 1559 1717 subvenire
1592 1654 1701 1714 alii
1731 1654 2008 1739 poss'ent,
2056 1669 2333 1738 egerunt
2368 1656 2440 1715 in
2485 1655 2613 1717 fu-

577 1746 740 1828 gam.
826 1739 1118 1810 Hirtius,
1174 1759 1369 1820 quum
1402 1736 1671 1798 Antonii
1713 1736 1951 1799 vallum
1999 1737 2394 1821 superasset,
2447 1739 2611 1799 cir-

578 1846 653 1888 ca
704 1821 1030 1907 principia
1080 1839 1376 1903 pugnans
1431 1817 1817 1879 interfectus
1870 1817 1995 1881 est:
2069 1834 2292 1902 quarta
2347 1821 2606 1903 legio,

572 1908 769 1991 ‘quam
803 1904 916 1964 ille
952 1923 1168 1964 secum
1197 1901 1545 1972 habuerat,
1594 1921 1626 1960 a
1665 1900 1890 1984 quinta
1919 1901 2191 1963 Antonii
2229 1917 2398 1985 pene
2434 1917 2607 1964 tota

470 2048 475 2055 ,
573 1987 859 2051 concisa.
909 1985 1003 2045 ibi
1029 1987 1286 2057 Caesar,
1333 1982 1413 2043 ad
1443 1996 1635 2065 quem
1668 1983 1796 2064 jam‘
1826 2002 2068 2045 summa
2094 2004 2313 2045 rerum
2341 1976 2604 2045 redie-

572 2084 708 2142 rat,
773 2067 1052 2130 consilio
1104 2085 1426 2148 manuque
1477 2064 1755 2151 insignis
1808 2065 2104 2150 adparuit
2148 2085 2270 2149 per
2311 2067 2606 2145 omnia3

575 2163 981 2234 receptoque
1028 2149 1232 2209 Hirtii
1283 2166 1603 2230 corpore,
1675 2147 1867 2208 etiam
1909 2146 2105 2209 castra
2150 2148 2425 2211 Antonii
2469 2169 2605 2211 oc-

577 2248 808 2319 cupata
850 2230 1245 2314 aliquamdiu
1284 2229 1515 2290 tenuit.
1605 2228 1734 2289 Sed
1781 2231 1997 2314 paullo
2038 2226 2176 2315 post
2215 2250 2464 2292 summa
2525 2232 2602 2293 vi

578 2316 889 2379 connisus
922 2314 1240 2374 Antonius
1285 2311 1482 2390 ejecit
1516 2308 1757 2372 hostem
1778 2354 1794 2385 ,
1839 2311 2209 2394 multosque
2239 2313 2600 2374 Caesaria-

576 2418 811 2459 norum
841 2384 1102 2456 occidit.
1150 2414 1279 2477 quo
1308 2407 1605 2479 tempore
1627 2395 1863 2455 Caesar
1891 2386 2189 2476 aquilam,
2221 2417 2254 2455 a
2286 2395 2594 2457 morien-

577 2493 646 2542 te
690 2476 1042 2563 aquilifero
1083 2475 1425 2547 traditam,
1488 2475 1780 2536 humeris
1827 2476 2064 2544 subiit,
2127 2475 2270 2559 ipse
2311 2497 2590 2560 quoque

574 2574 890 2624 cruentus
937 2571 1003 2619 et
1054 2558 1346 2634 saucius;
1418 2571 1520 2629 et,
1583 2571 1764 2620 tanto
1806 2557 2138 2642 pondere,
2201 2559 2403 2620 sicuti
2440 2573 2598 2618 tum

581 2643 767 2726 signa
805 2654 1018 2712 erant,
1061 2658 1196 2700 non
1228 2639 1613 2712 deterritus,
1659 2640 1727 2699 in
1768 2638 1966 2702 castra
1997 2641 2382 2723 reportavit.
2460 2642 2601 2703 Vi-

577 2725 853 2787 ctoriam
903 2721 1184 2783 absolvit
1229 2722 1314 2780 D.
1360 2722 1552 2785 Bruti
1600 2721 1897 2806 eruptio,
1960 2722 2065 2783 cui
2100 2723 2277 2783 inter
2309 2721 2604 2785 diversa

573 2806 858 2890 partium
899 2802 1098 2867 studia
1141 2802 1404 2887 quidam
1446 2802 1661 2866 omnia
1684 2846 1702 2878 ,
1764 2803 2067 2865 nonnulli
2112 2803 2281 2865 nihil
2321 2803 2601 2867 tribue-

574 2902 750 2951 runt.

697 3010 871 3078 XVI.
929 3010 1053 3071 His
1089 3010 1367 3094 proeliis
1414 3023 1481 3071 et
1517 3009 1723 3071 robur
1760 3022 1846 3070 etz
1865 3008 2130 3074 soboles
2164 3010 2448 3071 militum
2482 3009 2606 3070 in-

577 3093 798 3159 terisse
834 3094 973 3157 visa
1007 3091 1116 3159 est.
1173 3092 1300 3153 viri
1338 3113 1598 3176 quoque
1636 3089 1913 3152 illustres
1947 3093 2135 3154 multi
2169 3091 2602 3166 ceciderunt,

576 3176 881 3261 ‘inprimis
922 3175 1151 3237 consul
1187 3188 1488 3256 uterque,
1537 3177 1722 3251 (nam
1751 3184 1817 3234 et
1843 3176 2049 3235 Pansa
2081 3195 2160 3236 ex
2187 3173 2602 3238 vulneribus

578 3258 667 3323 est
706 3258 1037 3336 mortuus)
1081 3270 1148 3317 et
1184 3258 1258 3315 L.
1295 3256 1618 3327 Fabatus,
1676 3269 1744 3317 et
1788 3256 1860 3316 C.
1902 3255 2320 3328 Peducaeus,
2382 3269 2454 3316 et
2494 3258 2594 3318 D.

577 3338 973 3420 CarsulejuS,
1022 3337 1389 3399 et’Pontius
1414 3338 1669 3423 Aquila.
1733 3341 2008 3399 Noctem
2042 3340 2405 3422 proximam
2437 3359 2599 3399 mu-

576 3438 690 3487 tuo
724 3436 900 3483 metu
934 3421 1260 3502 utrimque
1298 3434 1659 3501 exegerunt
1698 3419 1765 3479 in
1799 3421 2018 3483 armis.

700 3546 904 3607 XVII.
969 3543 1057 3605 At
1093 3543 1454 3618 AntoniuS,
1519 3546 1769 3607 vocatis
1810 3547 1878 3606 in
1919 3543 2263 3607 eonsilium
2304 3543 2547 3605 amicis
2572 3586 2593 3616 ‚

579 3647 961 3712 quamquam
1000 3618 1314 3709 ‘plerique
1364 3640 1714 3689 censerent
1766 3626 2152 3690 manendum
2206 3625 2374 3698 effe,
2446 3647 2596 3687 non

1893 3744 1908 3777 't

642 3815 791 3887 Cap.
824 3815 983 3867 xlv.
1041 3812 1297 3884 Appian.
1349 3813 1474 3868 Cic.
1507 3813 1659 3869 Phil.
1696 3815 1789 3881 14,
1827 3817 1910 3882 ¹4·
1972 3813 2226 3885 Appian.
2274 3812 2416 3867 Dio.
2461 3812 2594 3885 Ap-

572 3884 735 4011 jsiiau.
810 3884 955 3954 Gap.
988 3884 1115 3936 XV.
1160 3882 1285 3935 Cic.
1326 3881 1401 3933 ad
1435 3885 1597 3938 Fam.
1633 3902 1725 3949 ro,
1761 3883 1853 3939 33.
1911 3880 2254 3938 Suetoni'uS.
2311 3880 2584 3954 Appian.

619 3962 818 4006 ueton.
856 3956 1018 4005 Flor.
1050 3955 1103 4017 4,
1140 3953 1193 4015 4.
1248 3950 1574 4019 Herodian.
1613 3952 1899 4008 Caracall.
1952 3952 2076 4006 Cic.
2118 3949 2192 4004 ad
2225 3952 2394 4004 Brut.
2442 3970 2489 4016 ι,
2532 3970 2589 4005 ².

573 4031 603 4085 4
662 4038 745 4074 ιο.
786 4029 844 4074 et
878 4019 954 4073 ad
988 4022 1150 4072 Fam.
1191 4037 1284 4083 ιι,
1323 4025 1405 4083 14.
1496 4020 1640 4093 Cap.
1679 4022 1833 4076 xvl.
1897 4020 2046 4075 Vell.
2090 4038 2153 4085 a,
2189 4023 2276 4075 62.
2336 4019 2464 4073 Cic.
2508 4019 2589 4071 ad

572 4092 737 4143 Fam.
772 4107 874 4156 ιο,
911 4089 1001 4146 33.
1054 4087 1209 4143 Plut.
1260 4088 1481 4143 Anton.
1537 4092 1714 4145 Oros.
1748 4095 1811 4160 o,
1850 4089 1932 4146 18.
2008 4090 2154 4163 Cap.
2188 4089 2372 4146 XVII.
2417 4087 2583 4144 vell.

574 4176 639 4226 ,ᾖ
679 4162 767 4213 6¹0
1367 4170 1374 4176 .
1557 4190 1564 4199 ¹
1621 4186 1630 4197 ”
1813 4194 1820 4199 “
2273 4192 2286 4203 ·
2528 4180 2540 4186 ”
