2675 4642
443 266 537 329 IN
578 260 884 329 Loctm
923 264 1089 326 LIB.
1134 261 1362 330 CXVI.
1410 261 1647 328 Lrvn.
1936 260 2054 334 243

0 502 4 517 ·
55 472 200 545 niti,
265 492 597 556 suamque
636 475 849 536 vicem
890 472 1101 542 anxii,
1156 469 1602 555 trepidabantz
1667 486 1789 530 nec
1842 467 2054 539 enim,
2117 463 2191 518 U·
2249 504 2278 555 „-

58 567 279 635 quanta
325 567 444 615 aut
486 576 711 616 manus
755 555 1274 634 conjuratorum,
1341 566 1449 614 aut
1532 550 1675 612 uale
1710 550 2056 612 consilium
2117 535 2162 587 Α

62 636 238 706 effet,
287 636 620 718 liquebat.
708 636 1018 719 Ideoque,
1063 635 1221 696 licet
1256 652 1497 718 progre
1552 654 1626 692 us
1666 632 1733 693 in
1772 631 2057 692 medium

61 721 288 777 Brutus
344 717 607 801 alloqui
654 730 963 803 cuperet,
1030 714 1371 796 ejicientes
1413 737 1484 777 se
1523 716 1740 784 curia,
1804 713 1955 796 suga
1996 726 2063 774 et

65 799 323 860 tumultu
370 802 597 861 omnia
635 800 1029 871 miscebant,
1077 798 1309 860 obvios
1346 797 1445 858 sui
1476 796 1751 881 quisque
1783 795 2062 856 terroris

70 880 348 963 impleus.
447 885 676 966 anue
713 903 824 944 res
870 879 1185 942 leviffimo
1234 880 1472 962 cuique
1514 876 1922 940 occasionem
1960 877 2062 938 se-

77 963 175 1033 cit,
231 982 365 1044 per
423 965 696 1027 vulnera
748 977 811 1025 et
857 963 1115 1047 rapinas
1166 960 1571 1023 exercendae
1628 959 2062 1041 petulantiae:

73 1045 367 1127 multique
402 1047 753 1129 peregrini
786 1057 978 1128 atque
1010 1043 1220 1115 cives,
1269 1043 1387 1105 sed
1432 1056 1498 1105 et
1533 1053 1869 1103 senatores
1900 1062 2065 1103 non-

70 1126 247 1197 nulli,
325 1127 675 1189 vulnerati
726 1141 790 1189 et
846 1127 1052 1188 occisi
1105 1127 1254 1187 sun't
1311 1126 1584 1188 incertis
1649 1124 2066 1200 auctoribus3

69 1227 308 1270 mensae
351 1208 809 1293 tabernaeque
851 1207 1172 1291 direptae.
1260 1205 1525 1301 Quippe
1574 1225 1654 1268 ex
1692 1208 2066 1292 propinquo

70 1289 299 1351 theatro
328 1302 475 1350 tam
508 1305 948 1375 spectatorum
981 1289 1169 1350 turba
1193 1332 1210 1359 ,
1259 1310 1445 1375 quam
1475 1289 1606 1373 ipsi
1637 1306 1897 1373 quoque
1933 1289 2068 1372 gla-

75 1370 337 1432 diatores
395 1372 481 1433 ab
538 1373 796 1435 editore
841 1370 1236 1456 praemoniti
1280 1383 1657 1455 eruperant.
1745 1373 1830 1432 Et
1872 1392 2069 1454 auge-

72 1452 160 1515 bat
207 1451 813 1516 consternationem
870 1453 1223 1515 vehemens
1284 1452 1497 1514 imber
1556 1472 1701 1514 cum
1759 1451 2067 1516 horribili

72 1534 336 1607 tonitru,
408 1537 607 1619 quasi
658 1537 909 1598 coelum
962 1538 1174 1621 ipsum
1219 1532 1528 1599 funestam
1575 1548 1767 1620 atque
1813 1537 2062 1599 luctuo-

79 1637 188 1676 sam
215 1617 469 1679 faciem
506 1616 837 1682 induisset.

174 1725 307 1786 Lx.
366 1723 642 1786 Idcirco
683 1739 816 1791 tota
852 1724 1012 1786 urbe
1051 1722 1279 1807 domus
1318 1724 1816 1791 claudebantur:
1879 1745 2060 1791 sena·
2121 1731 2361 1803 zepfdus

86 1817 270 1878 tores,
334 1806 462 1867 ubi
506 1807 798 1890 quisque‘
833 1820 1126 1891 poterat,
1187 1828 1314 1902 per
1366 1809 1665 1871 tabernas
1715 1823 1779 1871 et
1822 1808 2062 1871 insulas
2093 1806 2297 1857 *ihm
2316 1802 2379 1851 ¹⁶¹⁸

91 1907 148 1948 se
175 1887 544 1950 abdebant:
607 1888 1032 1951 occursabant
1074 1887 1356 1951 invicem
1393 1891 1642 1973 agmina
1664 1934 1681 1963 ‚
1723 1891 1876 1952 hinc
1909 1910 2060 1951 con·
2090 1872 2357 1992 ffamffm‘

87 1969 474 2031 tendentium
509 1968 597 2030 ad
636 1970 1054 2054 spectandum
1090 1989 1328 2066 eorpus
1352 2014 1371 2043 ‚
1419 1971 1573 2034 inde
1611 1994 1686 2034 re
1721 1986 2067 2057 perspecta
2189 1957 2245 1990 ⁸⁴⁶
2271 1948 2319 1991 ι’

90 2052 508 2114 redeuntium.
598 2053 919 2115 Antonius
963 2068 1029 2114 et
1067 2053 1358 2134 Lepidus
1411 2054 1538 2117 sibi
1586 2054 1886 2116 timentes
1931 2055 2068 2137 pri-

92 2153 192 2193 mo
224 2133 283 2193 ‘m
312 2135 572 2209 alienas
609 2134 806 2198 aedes
844 2134 1268 2218 profugiunt:
1332 2157 1481 2198 mox
1519 2138 1869 2205 Antonius,
1929 2158 2068 2197 mu-

88 2228 214 2275 tata
255 2213 408 2278 veste
464 2216 638 2277 clam
681 2219 1004 2301 egress'us,
1070 2210 1493 2281 communivit
1538 2238 1719 2279 suas:
1780 2217 2069 2301 Lepidus

83 2297 152 2356 in
182 2295 436 2360 Tiberis
482 2298 763 2359 insulam
788 2342 805 2370 ,
861 2297 977 2359 ubi
1020 2298 1196 2381 legio
1238 2314 1379 2362 erat
1414 2300 1727 2372 militum,
1770 2301 2071 2360 transmi-

82 2381 193 2453 sit,
235 2393 431 2463 atque
473 2378 638 2441 inde
673 2380 942 2442 deduxit
975 2381 1040 2444 in
1069 2384 1375 2464 Campum
1399 2426 1417 2455 ,
1477 2380 1764 2443 mandata
1803 2381 2073 2442 Antonii

79 2474 381 2549 tamquam
443 2462 743 2524 consulis
795 2465 1168 2545 opperiens.
1245 2467 1332 2526 At
1381 2483 1618 2547 corpus
1665 2463 1824 2526 illud
1863 2477 2072 2525 terra-

80 2564 203 2605 rum
250 2542 465 2605 modo
515 2545 920 2628 mariumque
973 2544 1264 2618 domini,
1327 2544 1714 2628 diffugiente
1762 2544 2073 2607 comitum

84 2626 286 2697 turba,
333 2626 745 2722 aliquamdiu
776 2626 1107 2690 desertum
1136 2627 1367 2709 jacuit,
1411 2627 1642 2700 donec,
1687 2628 1897 2689 tribus
1931 2647 2071 2689 ser-

76 2708 226 2770 vulis
259 2709 582 2768 lecticam
612 2709 842 2793 impari
875 2711 1088 2795 gress'u
1123 2709 1650 2784 succollantibus,
1697 2708 2071 2795 dependen-

77 2800 132 2850 te
161 2788 457 2852 lit-achio
505 2789 766 2851 domum
807 2805 1279 2876 reportaretur.

174 2898 357 2960 LXI.
426 2895 565 2959 Sed
608 2900 1015 2981 percufl'ores
1054 2899 1393 2974 Caesaris,
1435 2898 1760 2986 postquam
1792 2899 1860 2961 in
1891 2898 2068 2960 curia
2119 2898 2434 2970 Percuffores

67 3001 251 3043 nemo
300 2977 674 3065 praestabat
714 2982 1103 3044 audientiam
1126 3026 1143 3056 ,
1213 2983 1386 3064 togis
1423 2983 1666 3045 circum
1702 2984 1884 3044 laeva
1922 2981 2067 3042 bra·
2096 2974 2151 3024 in
2178 2971 2375 3038 sorum

66 3063 202 3125 chia
244 3062 762 3125 circumvolutis
787 3107 804 3138 ‚
848 3077 1155 3126 cruentos
1193 3065 1513 3146 pugiones
1547 3050 1919 3148 quatienftlo,
1962 3081 2068 3124 re-
2090 3042 2375 3116 prodeunt.

65 3159 160 3207 cta
198 3142 591 3228 pergebant
632 3146 700 3206 in
737 3145 949 3208 forum
973 3187 989 3218 ‚
1034 3146 1451 3229 praeferente
1493 3144 1766 3230 quodam
1806 3145 1870 3206 in
1904 3144 2072 3209 hassa

65 3226 318 3309 pileuin
342 3267 362 3298 ,
413 3224 746 3290 libertatis
787 3227 1077 3310 signum:
1134 3226 1687 3311 hortabanturque
1720 3229 2027 3314 populum
2050 3269 2068 3302 ,

66 3328 241 3388 regem
283 3329 475 3389 atque
516 3327 807 3383 gyrannum
850 3312 1198 3391 mterfi’ctum
1241 3310 1340 3389 asse
1383 3309 1773 3372 dictitanteS.
1859 3314 1945 3372 Et
1976 3313 2067 3371 Μ.

63 3390 354 3466 Brutus,
412 3402 758 3450 cruentum
804 3392 930 3453 alte
972 3393 1288 3454 extollens
1323 3392 1708 3476 pugionem,
1761 3394 2069 3454 Ciceronem

61 3474 463 3535 nominatim
502 3471 928 3561 inclamavit,x
972 3486 1162 3559 atque
1211 3475 1272 3537 ei
1317 3482 1760 3562 recuperatam
1799 3472 2066 3535 liberta-

58 3566 186 3616 tem
226 3553 328 3618 est
358 3553 750 3638 gratulatus.
799 3574 806 3579 ’
917 3566 926 3573 ’
1942 3552 1983 3577 ²

177 3655 393 3716 LXII.
448 3652 720 3715 Interim
776 3654 1069 3717 nonnulli
1115 3653 1549 3737 adgregabant
1600 3675 1672 3716 se
1720 3653 2062 3727 euntibus,

65 3731 233 3798 laudi
277 3751 348 3800 et
381 3735 690 3830 praemio
726 3734 1011 3799 futurum
1042 3740 1188 3810 rati,
1239 3737 1295 3798 si
1330 3736 1583 3820 egregii
1613 3736 1922 3799 facinoris
1958 3755 2065 3798 so-

134 3900 289 3970 Cap.
325 3896 485 3951 mx.
529 3890 702 3965 'Plau
755 3893 921 3948 Caes.
970 3900 1032 3948 et
1069 3896 1279 3951 Bruto.
1332 3892 1792 3968 Appian.„pio‚
1841 3913 1901 3966 p.
1941 3896 2060 3960 176.

64 3963 202 4039 Cap.
241 3967 368 4021 Lx.
427 3963 592 4018 Plut.
643 3962 900 4033 Appian.
946 3962 1085 4016 Dio.
1133 3963 1286 4019 Plut.
1311 3966 1489 4020 Caes.
1526 3962 1651 4017 Cic.
1686 3962 1838 4017 Phil.
1873 3980 1936 4031 a,
1970 3965 2059 4020 35.

60 4034 209 4090 Plut.
244 4037 482 4091 Antan.
513 4031 663 4087 Dio.
696 4030 948 4104 Appian.
981 4030 1225 4088 sueton.
1251 4034 1505 4107 Appian.
1560 4033 1636 4085 ea
1688 4068 1704 4086 .
1725 4031 1868 4085 LXI.
1906 4032 2057 4086 Plut.

61 4104 272 4162 Bruto.
311 4105 457 4161 Dio.
498 4100 772 4178 Appiau.
805 4100 930 4158 cic.
958 4091 1107 4159 Phil.
1139 4119 1191 4171 s,
1217 4118 1298 4163 ta·
1369 4100 1577 4174 Cap.L
1657 4101 1707 4155 I.
1742 4098 1896 4179 Plut.
1922 4098 2060 4155 Dio*-

64 4173 322 4251 Appias.
419 4194 426 4203 ·
1430 4242 1471 4289 1,
1493 4239 1558 4340 Q
1596 4263 1640 4316 ²
