2675 4642
1309 16 1318 49 l

430 215 521 279 m
560 207 865 289 Locum
902 211 1067 279 mn.
1116 217 1461 283 cxxxvl.
1508 218 1740 285 mvn.
1955 219 2077 299 745

1508 340 2059 378 *Ἣ

110 424 354 488 deinde
379 412 580 503 'jurati
605 436 690 504 et*
710 424 839 506 ipsi
868 424 1232 489 scriberent
1262 426 1328 488 in
1377 427 1606 490 tabella
1642 434 1914 495 seorsim
1938 435 2072 495 sin·
2131 431 2204 488 U.
2239 448 2292 486 e.
2321 430 2444 501 734.

112 510 255 590 guli
296 508 576 589 quinque
619 506 889 566 aliorum
927 507 1219 580 nomina,
1263 530 1428 593 quos
1461 511 1691 594 dignos
1728 534 1806 575 eo
1844 518 2075 579 ordine
2135 503 2206 558 Α·
2229 503 2298 557 0·
2326 502 2409 556 ¹3·

111 600 494 650 censerent:
557 608 638 648 ne
679 601 888 650 tamen
928 590 1100 651 inter
1146 609 1264 653 eos
1310 593 1696 655 necess'arius
1740 597 2074 682 quisquam

113 669 468 734 scribentis
503 670 682 733 effet.

223 776 574 839 XXXVIII.
632 776 777 838 Hoc
813 776 924 837 ubi
956 777 1190 839 factum
1232 774 1357 847 est,
1421 798 1501 840 ex
1540 780 1812 862 singulis
1853 782 2077 866 quina·
2136 827 2183 882 S

108 858 236 922 riis
279 877 472 919 uuum
520 871 697 921 sorte
735 857 960 931 duxit,
1006 859 1117 942 qui
1160 872 1227 922 et
1258 859 1519 923 senator
1564 864 1758 939 effer,
1813 878 1876 927 et
1913 866 2075 928 alios
2097 838 2449 950 nuztffx':

111 943 406 1023 quinque
443 938 679 1002 iisdem
707 980 724 1010 ,
788 952 858 1000 ut
903 939 1162 1022 priores
1206 939 1349 1011 illi,
1413 941 1666 1025 legibus
1721 944 1786 1004 in
1842 947 2071 1009 tabella
2095 978 2360 1019 sexcentos
2378 982 2462 1020 η,

105 1017 497 1102 nominaret.
581 1023 667 1081 Et
709 1032 1085 1103 oportuerat
1128 1020 1384 1105 quidem
1426 1024 1687 1106 triginta
1726 1027 1891 1100 ess'e,
1934 1041 2067 1090 tum
2094 1035 2330 1090 ducitur.

110 1104 228 1184 qui
268 1102 463 1185 primi
505 1102 770 1163 tabellas
826 1100 1251 1184 adcepe‘rant,
1312 1117 1446 1165 tum
1500 1105 1690 1167 etiam
1743 1109 1852 1190 qui
1891 1126 2070 1173 sorte

106 1185 374 1246 fuerant
414 1183 661 1245 educti:
708 1180 823 1244 sed
849 1203 1040 1278 quum
1073 1202 1151 1244 ex
1177 1197 1454 1266 utroque
1491 1207 1761 1249 numero
1792 1211 2072 1273 peregre

105 1265 439 1338 abess'ent,
497 1265 608 1325 alii
657 1263 896 1329 delecti
928 1276 1108 1336 sunt,
1168 1265 1277 1347 qui
1322 1285 1547 1328 eorum
1598 1269 1803 1331 vicem
1844 1272 2075 1354 funge-

108 1361 365 1409 rentur.
450 1346 595 1406 Hoc
634 1366 827 1428 quum
860 1343 939 1405 ad
972 1345 1218 1428 aliquot
1257 1347 1397 1409 dies
1443 1349 1677 1410 factum
1718 1353 1873 1414 effet
1900 1395 1917 1423 ,
1964 1375 2074 1417 su-

109 1429 408 1511 spicione
447 1426 695 1488 fraudis
743 1438 955 1489 motus
1011 1427 1288 1503 Caesar,
1350 1426 1562 1514 neque
1608 1433 1852 1494 tabulas
1905 1435 2072 1498 ultra

105 1529 315 1592 penes
364 1504 728 1592 quaestores
775 1506 901 1569 ess'e
953 1508 1198 1592 palsas,
1265 1531 1476 1594 neque
1523 1525 1700 1575 sorte
1744 1536 1900 1575 usus
1944 1514 2068 1581 est:

108 1590 227 1650 sed
272 1612 391 1652 suo
441 1610 513 1665 ac
556 1589 886 1672 Agrippae
929 1588 1170 1670 judicio
1223 1607 1479 1655 ceteros
1515 1594 1797 1677 adlegit,
1861 1596 2069 1661 donec

104 1672 397 1734 sexcenti
445 1669 884 1733 efficerentur.
969 1673 1328 1735 Trecentos
1371 1675 1718 1749 maluiss'et,
1783 1693 1852 1741 ut
1889 1694 2068 1741 vete·

0 1808 2 1813 .
90 1753 202 1826 ¹ris
241 1753 639 1836 reipublicae
687 1753 941 1836 species
976 1751 1385 1817 redderetur.
1449 1756 1568 1818 sed
1616 1777 1745 1818 non
1796 1759 2069 1828 audebat

100 1847 204 1896 tot
252 1833 626 1907 offendere,
694 1834 883 1895 bonis
930 1855 1189 1918 quoque
1234 1836 1303 1896 in
1347 1854 1580 1900 metum
1627 1838 2065 1919 adducendis,

103 1917 161 1978 si
185 1918 408 2000 plures
442 1918 639 1978 multo
680 1930 1240 2000 expungerentur‚
1284 1941 1472 2005 quam
1515 1935 1866 1988 manerent.

226 2049 518 2110 XXXIX.
563 2049 674 2112 Sic
698 2048 971 2134 'quoque
1019 2051 1239 2114 caveri
1283 2073 1411 2112 non
1445 2056 1693 2137 potuit,
1755 2058 1910 2141 quin
1949 2047 2103 2122 ali-⁴

102 2145 491 2216 qua·parum
535 2129 866 2193 commode
913 2128 1169 2194 fierent.
1253 2134 1585 2215 Livineius
1623 2148 1800 2201 certe
1847 2143 2065 2224 Regu·

99 2213 244 2286 lus,
294 2214 473 2275 sciss'a
518 2211 584 2272 in
619 2225 841 2274 senatu
876 2211 1044 2277 veste
1089 2214 1427 2277 cicatrices
1462 2215 1772 2282 ostentans
1799 2264 1813 2293 ‚
1862 2237 1925 2283 et
1960 2222 2065 2283 sti-

99 2296 344 2380 pendia
387 2317 495 2356 sua
546 2314 911 2375 exponens,
960 2316 1181 2379 magna
1216 2316 1359 2358 cum
1392 2299 1630 2361 invidia
1663 2300 1911 2385 questus
1954 2304 2061 2380 est,

101 2394 172 2433 se
191 2379 412 2434 moveri
444 2384 681 2440 senatu,
719 2374 892 2448 quum
925 2375 1105 2441 filius
1132 2396 1272 2434 suus
1297 2387 1356 2435 et
1388 2379 1518 2445 alii,
1555 2384 1765 2454 quibus
1802 2404 1863 2441 se
1893 2405 2062 2453 prae·
2132 2441 2139 2449 x

107 2465 278 2517 stare
297 2477 417 2514 non
440 2454 778 2522 dubitabat,
804 2455 1196 2530 ‹alleg-antur.
1233 2449 1317 2510 At
1340 2451 1805 2530 Aurunculeius
1828 2457 2061 2518 Paetus

104 2536 363 2598 veniam
406 2534 679 2596 exeundi
720 2534 1003 2607 ordinis,
1065 2535 1406 2613 locumque
1454 2555 1630 2593 suum
1685 2537 1887 2618 patri,
1949 2538 2061 2620 qui

97 2616 577 2689 removebatur,
621 2616 849 2679 oravit.
893 2619 1111 2699 Itaque
1142 2614 1517 2701 diligentius
1552 2615 1879 2699 inspectae
1915 2633 2062 2681 sunt

97 2699 409 2776 tabulae3
465 2699 785 2781 motisque
834 2694 1090 2759 iter'um·
1124 2699 1270 2760 aliis
1313 2694 1423 2756 alii
1477 2695 1809 2760 substituti.
1895 2704 2061 2762 Tum

98 2782 337 2854 etiam,
375 2781 528 2864 *quia
563 2780 852 2843 nonnulli
887 2770 1110 2841 cauffis
1149 2799 1275 2841 non
1321 2777 1857 2861 improbabilibus
1894 2782 2059 2862 inju-

98 2863 204 2925 ria
241 2881 309 2922 se
356 2876 638 2923 remotos
676 2860 1149 2945 querebantur,
1214 2861 1427 2923 locum
1471 2858 1572 2920 his
1608 2860 1779 2922 inter
1813 2878 2060 2925 senato·
2358 2909 2385 2924 Γ

96 2964 215 3006 res
253 2942 421 3004 ludis
458 2964 492 3004 e
540 2942 795 3026 ulisque
830 2942 895 3003 in
932 2939 1099 3005 veste
1138 2940 1480 3010 senatoria,
1527 2956 1594 3002 et
1632 2945 2061 3027 recuperandi
2168 2982 2183 3005 v

99 3025 357 3087 ordinis
380 3044 493 3086 cau
547 3046 578 3085 a
604 3023 886 3085 honores
915 3033 1143 3107 petere
1172 3021 1479 3086 concess'it
1507 3023 1761 3084 Caesar.
1807 3026 1893 3087 ita
1919 3027 2060 3110 ple-

97 3108 296 3189 rique
333 3106 559 3167 horum
596 3105 828 3167 iterum
862 3106 929 3165 in
964 3119 1250 3167 senatum
1291 3104 1567 3166 adlecti:
1613 3106 1817 3167 ceteri
1847 3107 2059 3169 medio

100 3187 381 3271 quodam
416 3188 586 3253 inter
616 3188 921 3272 populum
946 3188 1305 3271 Patresque
1332 3188 1479 3267 loco
1517 3200 1786 3250 aetatem
1826 3208 2059 3272 exege-

99 3282 281 3333 runt.

223 3380 356 3441 XL.
395 3379 554 3439 Erat
601 3372 861 3451 omnino
912 3396 987 3441 ea
1028 3370 1190 3448 res,
1220 3394 1383 3458 quae
1423 3376 1766 3437 multorum
1814 3377 2059 3438 animos
2106 3390 2341 3447 usiam
2364 3389 2442 3447 Μ,

98 3459 186 3523 nd
211 3459 551 3540 cujuslibet
576 3459 884 3529 facinoris
914 3457 1235 3520 audaciam
1262 3471 1692 3540 exasperaret.
1738 3479 1818 3520 eo
1843 3478 2058 3541 prom-
2088 3461 2314 3530 Egnatia·
2336 3461 2395 3513 in

98 3543 282 3627 ptius
333 3540 647 3603 creditum
701 3540 1046 3627 Augustum
1098 3553 1163 3602 et
1215 3540 1566 3623 Agrippam
1618 3539 1874 3602 insidiis
1923 3542 2061 3622 peti
2089 3532 2398 3601 Α’ΨΨΜ·

97 3623 541 3706 arguentibus.
596 3621 1059 3707 interfectique
1112 3636 1257 3684 sunt
1291 3621 1618 3692 nonnulli,
1674 3642 1946 3705 quorum
1996 3636 2061 3685 et

102 3710 210 3785 Mt
246 3705 551 3788 Egnatius
593 3702 799 3765 Rufus
832 3704 978 3777 fuit,
1022 3704 1202 3784 cujus
1247 3702 1327 3765 de
1373 3703 1651 3765 vanitate
1687 3724 1878 3787 supra
1914 3725 2059 3764 nar-

105 3786 411 3848 ravimus.
509 3786 896 3848 Exciverant
942 3786 1102 3848 haec
1158 3785 1444 3868 pericula
1507 3802 1719 3847 curam
1764 3799 2059 3847 senatus:

99 3869 429 3952 multaque
461 3868 707 3965 prolata
733 3909 751 3935 ,
810 3887 974 3953 quae
1006 3866 1084 3930 ad
1122 3869 1386 3952 salutem
1418 3867 1677 3949 Augusti
1712 3881 2059 3950 protegen-

103 3948 249 4010 dam
298 3948 635 4035 provideri
668 3969 830 4033 opus
860 3948 1036 4013 ess'et.
1120 3952 1299 4012 Inter
1332 3969 1493 4034 quae
1530 3971 1719 4034 quum
1759 3949 1932 4011 forte
1968 3949 2059 4030 ja-

172 4107 319 4183 Cap.
343 4109 458 4166 xt..
493 4082 730 4179 Vellss,
757 4125 844 4177 9¹·
881 4108 1128 4168 Sueten.
1164 4109 1313 4185 Aug.
1350 4127 1430 4178 ²9·
1477 4109 1616 4168 Tac.
1636 4108 1788 4165 Anu.
1829 4128 1879 4176 1,
1904 4123 1987 4163 ιο.
