2675 4642
60 4244 63 4343 i

60 4402 63 4495 ἒ

531 230 623 296 m
666 225 969 339 LOCUH
1017 226 1186 295 Lm.
1237 227 1495 297 (ΖΠΗ.
1538 230 1774 300 mvn.
2038 232 2166 307 405

205 440 346 503 bona
375 435 832 523 profiteretur,
876 440 1111 506 iisdem
1144 441 1413 529 poenis,
1455 439 1516 501 si
1554 438 1701 535 quis
1733 409 1960 503 eontra
1985 440 2159 503 faee-

205 535 320 592 ret‚
373 522 806 606 praemiisque
858 522 927 585 in
977 524 1233 590 indices
1282 522 1772 609 pronunciatis;
1839 536 2031 605 atque
2077 543 2163 589 ex

204 603 582 666 facultatibus
635 604 771 667 suis
825 606 1424 692 quinquagesimam
1477 603 1856 665 tribusviris
1909 618 2159 686 partem

202 684 434 748 foenori
470 685 953 762 commodaret,
1001 709 1075 751 ae
1112 703 1451 774 praeterea
1491 685 1684 751 unius
1725 687 1873 751 anni
1911 685 2161 753 reditus

201 766 266 829 ad
297 766 523 828 bellum
565 766 926 833 eonserret.
1023 772 1155 833 Dio
1201 771 1485 835 decimas
1528 766 1605 827 ab
1643 766 2164 847 omnibualoeu-

200 847 488 933 pletibu5‚
534 864 601 911 et
630 850 891 932 quidem
928 855 1322 936 proscriptis
1357 870 1581 915 eorum
1619 848 1683 911 in
1717 848 1924 913 tabula
1955 848 2163 913 nomi-

203 929 400 1002 nibus,
468 945 722 993 exactas
764 934 890 995 ess'e
933 936 1198 1003 scribit,
1259 948 1452 1017 atque
1490 932 1576 993 ita
1614 943 1684 991 ut
1718 929 2006 993 decimae
2041 932 2163 993 im-

203 1025 560 1095 perarentur
590 1013 820 1084 verbo,
866 1037 942 1077 re
975 1032 1188 1078 autem
1221 1017 1361 1099 ipsa
1397 1014 1501 1076 vix
1538 1012 1827 1077 decimae
1857 1014 2160 1096 poss'ess'o·

2221 441 2370 500 Une.
2385 460 2515 511 ¹7¹⁰·

2223 514 2293 581 Α.
2312 514 2384 579 G,
2405 520 2497 584 4²·

2275 642 2284 671 l

198 1093 350 1155 ribus
389 1094 945 1178 relinquerentur.
1016 1099 1229 1182 Quum
1263 1098 1435 1160 enim
1463 1096 1593 1177 ipsi
1627 1091 1958 1156 aestimare
1991 1095 2165 1157 bonu
2201 1112 2215 1121 ·

199 1195 288 1234 sua
313 1174 726 1249 juberentur,
771 1180 971 1241 variis
1002 1179 1213 1265 postea
1244 1176 1621 1247 calumniis,
1668 1177 2010 1258 quaslnon
2039 1176 2162 1239 bo-

199 1276 260 1316 na
290 1254 409 1318 fide
443 1256 756 1339 profem,
817 1280 898 1322 eo
944 1283 1149 1346 usque
1193 1260 1626 1328 vexabantur,
1688 1256 1899 1321 donee
1946 1260 2161 1321 omnia

199 1338 557 1401 amitterent.
654 1337 990 1421 Postremo
1044 1363 1272 1407 servos
1317 1340 1402 1402 ad
1439 1359 1687 1402 remum
1734 1341 1841 1405 vel
1878 1340 2032 1402 dare
2073 1340 2166 1404 de

197 1419 322 1490 suis,
361 1421 491 1491 vel,
541 1420 602 1482 si
638 1443 770 1483 non
805 1424 1080 1486 idoneos
1110 1424 1452 1495 haberent,
1499 1440 1720 1483 emere
1749 1424 1957 1485 eoaeti
1984 1436 2153 1485 sunt.

184 1503 589 1566 senatoribus
633 1524 891 1589 quoque
930 1508 1181 1568 curatio
1218 1507 1469 1568 viarum
1507 1523 1584 1576 ea
1626 1503 1772 1584 lege
1812 1504 2153 1588 imposita,

200 1583 387 1646 uthoe
429 1585 632 1646 etiam
684 1606 846 1648 onus
902 1588 1036 1649 suis
1088 1588 1454 1671 sumptibus
1497 1581 1918 1649 sustinerent:
1988 1585 2152 1648 adeo

203 1679 254 1727 ut
272 1666 486 1730 urbani
525 1686 754 1730 omnes
793 1669 970 1731 exuti
1007 1669 1459 1742 facultatibus,
1506 1666 1633 1729 soli
1669 1667 1985 1730 militares
2018 1667 2152 1732 viri

212 1746 546 1810 inmensum
592 1751 660 1810 in
695 1750 953 1815 modum
990 1752 1228 1837 opibus
1262 1752 1432 1814 aucti
1470 1747 1740 1810 fuerint.

286 1860 568 1938 XLVm.
615 1875 843 1957 Neque
878 1872 1050 1937 enim
1087 1872 1219 1937 illis
1257 1886 1365 1936 aut
1401 1869 1748 1957 stipendia,
1798 1882 1906 1931 aut
1941 1868 2148 1952 impe-

193 1966 436 2017 ratorum
484 1955 776 2039 praemia
823 1955 1268 2029 sufficiebant,
1332 1969 1440 2016 aut
1478 1975 1602 2038 pro
1645 1950 1953 2015 caedibus
1992 1970 2145 2034 pro-

192 2036 547 2119 scriptorum
593 2053 959 2101 numeratae
1003 2038 1320 2121 pecuniae
1344 2080 1361 2109 ‚
1424 2049 1530 2098 aut
1566 2035 1851 2129 denique
1889 2034 2145 2093 occiso-

2184 1848 2462 1937 ‚Militum

2175 1924 2456 1977 znsotenn’ae
2472 1933 2532 1978 et

2173 1992 2440 2050 auidius.

188 2137 301 2180 rum
334 2118 541 2192 bona,
605 2118 769 2203 ipsis
812 2119 1110 2183 viliffimo
1149 2121 1370 2218 pretio
1416 2119 1495 2179 ad
1529 2115 1999 2179 triumv1ralem
2035 2113 2149 2175 ha·
2219 2160 2226 2167 .

188 2195 306 2261 stam
339 2196 618 2264 addicta.
682 2199 897 2289 Quum
940 2202 1112 2264 enim
1149 2200 1618 2284 intelligerent,
1666 2197 1794 2263 sibi
1826 2195 2145 2258 obnoxios

187 2281 287 2343 ess'e
319 2282 517 2346 duces
559 2303 750 2355 suos,
793 2284 904 2367 qui
943 2297 1188 2368 raptam
1225 2285 1422 2345 armis
1457 2280 1967 2344 dominationem
2002 2277 2146 2341 nul-

184 2358 235 2421 lo
265 2364 447 2426 modo
485 2377 830 2449 poterant,
880 2367 1008 2427 nisi
1041 2386 1366 2428 armorum
1406 2384 1569 2448 ope,
1627 2362 1950 2433 retinere,
1998 2359 2145 2420 nul-

183 2440 289 2506 lum
314 2460 415 2508 aut
442 2446 858 2522 insolentiae,
904 2461 1012 2510 aut
1040 2442 1333 2510 aviditati
1411 2445 1692 2509 onebant
1716 2443 2014 2515 modums
2043 2440 2146 2501 iu·

184 2522 587 2615 dignioraque
617 2527 791 2589 ultro
810 2570 828 2600 ‚
875 2550 1065 2613 quam
1102 2550 1268 2613 quae
1298 2529 1367 2606 iu
1415 2529 1720 2598 ebantur‚
1751 2526 1833 2585 ·in
1862 2526 2147 2589 miseros

183 2605 331 2671 cives
371 2610 667 2693 exempla
702 2608 1002 2673 edebant.
1086 2609 1576 2673 Interfieiebant
1614 2607 1786 2670 enim
1821 2628 1951 2669 non
1988 2623 2146 2689 pro-

183 2689 475 2774 scriptos,
540 2705 607 2754 et
657 2689 1053 2788 diripiebant
1109 2713 1335 2756 eorum
1385 2693 1623 2766 aedes,
1687 2689 1924 2773 quibus
1961 2684 2144 2753 ‘nihil

180 2770 473 2836 molestiae
513 2772 812 2835 exhiberi
848 2777 1189 2838 voluerant
1230 2775 1523 2837 tresviri.
1607 2772 1709 2834 Ab
1757 2770 1923 2854 ipsis
1979 2788 2143 2852 quo-

181 2871 283 2934 que
330 2854 854 2939 proscriptorum
907 2857 1219 2940 petebant
1260 2857 1526 2928 domos,
1587 2867 1695 2916 aut
1733 2871 1963 2935 agros,
2027 2861 2138 2910 ³¹1¹:

177 2934 370 3000 villas.
419 2949 531 2999 aut
574 2955 840 2997 censum
879 2939 1293 3015 universum3
1347 2949 1455 2997 aut
1498 2935 1791 3017 adoptari
1831 2931 2139 2995 volebant

177 3032 204 3074 a
226 3016 477 3081 senibus
504 3017 713 3090 orbis,
747 3019 978 3101 quibus
1008 3019 1255 3103 amplae
1288 3018 1708 3103 poss'ess'iones
1738 3014 1959 3077 essent.
2003 3014 2137 3077 Po-

177 3092 376 3163 stremo
426 3120 509 3162 eo
558 3101 890 3181 protervia
929 3115 995 3164 et
1035 3099 1432 3183 impudentia
1471 3096 1772 3159 militaris
1803 3093 2136 3179 precellit,

178 3180 234 3238 ut
255 3196 550 3263 repertus
579 3180 813 3252 fuerit,
859 3184 973 3265 qui
1008 3183 1279 3247 auderet
1313 3180 1390 3241 ab
1430 3181 1576 3264 ipso
1613 3180 1887 3240 Caesare
1921 3176 2139 3239 Attiao

179 3262 405 3332 matris,
469 3283 631 3350 quae
670 3274 802 3323 tum
842 3282 1092 3333 mortua
1131 3278 1197 3328 et
1231 3263 1499 3352 publico
1539 3261 1773 3324 funere
1804 3261 1967 3324 elata
1994 3257 2139 3318 fue-

182 3354 294 3415 rat,
334 3342 506 3407 bona
542 3362 845 3429 poscere.

271 3466 497 3531 XLIX.
558 3467 741 3556 Quae
790 3467 1053 3530 lieentia
1098 3489 1293 3553 quum
1329 3466 1453 3555 iam
1491 3464 1877 3548 iisdquoque
1917 3458 2134 3543 gravis
2186 3449 2519 3542 Τνίῦωώίςίς

176 3544 340 3621 estet,
384 3551 500 3632 qui
542 3570 679 3611 eam
718 3551 1157 3613 excitaverant
1191 3564 1256 3612 et
1288 3551 1613 3619 aluerant,
1660 3543 1992 3627 negotium
2022 3541 2134 3602 de-
2159 3522 2512 3598 quv‘sslu·

179 3623 380 3693 derunt
428 3632 701 3694 tresviri
753 3630 864 3694 uni
920 3652 957 3694 e
1010 3631 1426 3700 consulibus,
1482 3643 1555 3691 ut
1591 3628 1659 3689 in
1704 3645 1819 3687 eos
1856 3623 2137 3687 animad-

178 3723 470 3784 verteret,
519 3712 904 3797 quieaedes
945 3728 1009 3775 et
1047 3714 1306 3798 rapinas
1337 3713 1545 3782 ultra„
1593 3728 1778 3792 quam
1820 3706 1984 3789 ipsis
2015 3704 2136 3801 im-

215 3804 437 3863 m‘atum
475 3794 724 3870 fuerat,
773 3796 1223 3860 exercuiss'ent.
1309 3799 1395 3857 At
1432 3793 1569 3865 ille,
1616 3809 1745 3851 non
1785 3808 1978 3849 ausus
2016 3806 2139 3846 nn-

220 3882 302 3934 tes
343 3876 705 3959 attingere,
753 3897 982 3943 servos
1022 3876 1369 3964 quosdam,
1416 3873 1530 3961 qui
1569 3864 1884 3960 militibus
1926 3867 2139 3933 immi..

202 3868 214 3881 O

186 3996 1005 4212 Μξῖὃῐέ
1119 4063 1281 4129 vm·
1322 4059 1577 4137 Appiam.
1617 4057 1759 4116 Dio.
1787 4065 1849 4115 et
1864 4051 2130 4130 Appian-

2161 3612 2251 3650 58·
