2675 4642
501 209 624 287 434
680 205 1100 273 FREINSH.
1111 198 1965 273 SUPPLEMENJORUM
1978 202 2137 263 Lm.
2153 201 2516 266 LXXXIX.

153 414 221 476 U·
251 432 303 472 c·
329 434 453 487 ¹710·
497 418 622 502 jam
665 418 883 482 vicina
919 415 1110 501 nibil,
1155 413 1286 476 nisi
1325 428 1506 498 capta
1548 411 1626 475 ab
1665 411 1952 477 hostibus
1985 412 2206 488 castra,
2256 415 2527 479 sinebat

152 487 225 542 A·
266 488 334 544 C·
368 493 461 556 4²⁴
506 502 732 573 cerni,
786 508 862 561 *et
899 498 1305 561 advolantem
1351 497 1645 594 equitum
1679 498 1968 580 globum.
2054 499 2262 583 Igitur
2317 520 2528 583 quum

500 585 670 648 nihil
708 583 960 654 animo,
1004 593 1291 664 ‘praeter
1333 601 1437 641 sm
1477 598 1668 641 casus
1705 581 2097 664 imaginem,
2157 584 2530 665 concipere

502 668 751 755 posset,
811 668 1020 735 Bruto
1061 682 1320 746 quoque
1364 663 1540 725 victo
1578 660 1792 726 adesse
1831 661 2044 726 hostes
2083 675 2357 760 putans,
2405 662 2531 725 Ti-

504 750 783 813 tinnium
819 757 1158 808 evocatum
1192 745 1374 807 misit
1410 746 1910 828 cognoscendae
1943 761 2187 809 certius
2209 748 2315 808 rei
2335 766 2532 808 caus-

472 834 475 839 '
505 854 600 895 sa.
644 831 817 891 hunc
847 829 1021 890 laeto
1054 828 1341 889 clamore
1375 842 1782 911 exceperunt
1811 831 2266 914 equites,.nam
2289 851 2324 890 a
2345 832 2528 891 Bru-

286 942 295 969 =
503 928 577 977 to
614 911 1002 985 veniebant,
1066 909 1623 1007 circumvectique
1671 924 1737 972 et
1782 931 1925 974 com
1977 911 2108 972 lexi
2141 909 2521 985 hominem,

486 993 962 1083 ‘perniciabilis
1017 992 1273 1055 erroris
1322 1011 1731 1054 occas1onem
1779 995 1865 1056 Ca
1924 1015 1989 1057 ιο
2049 993 2523 1078 praebuerunt.

506 1083 726 1163 Atque
764 1077 914 1151 ille,
984 1077 1170 1158 Ergo,
1228 1074 1473 1159 inquit,
1517 1076 1869 1156 producenda
1907 1078 2164 1138 hactenus
2199 1098 2319 1136 vtta
2347 1077 2519 1157 fuit,

475 1183 570 1239 'ut
605 1164 831 1220 amicum
872 1162 1035 1221 etiam
1069 1177 1285 1238 captum
1328 1158 1684 1218 videremus!
1755 1158 2147 1245 secess'itque
2189 1158 2258 1220 in
2298 1171 2528 1220 tento-

504 1243 676 1306 rium
716 1239 1039 1326 quoddam
1076 1259 1344 1303 vacuum
1371 1257 1518 1327 cum
1542 1239 1782 1302 liberto
1803 1241 2118 1314 Pindaro,
2167 1261 2361 1324 quem
2389 1242 2525 1321 jam

504 1324 832 1388 Parthicis
882 1321 1292 1408 temporibus
1354 1335 1682 1385 extremae
1741 1323 2101 1386 necess'itati
2155 1321 2527 1385 ministrum

506 1405 970 1479 destinaverat,
1018 1405 1527 1488 obvolutumque
1566 1404 1825 1468 lacerna
1857 1419 2085 1489 caput,
2127 1405 2527 1488 praeciden-

508 1491 660 1554 dum
700 1488 1033 1573 praebuit.
1107 1486 1435 1548 Pindarus
1489 1484 1705 1570 postea
1749 1489 2116 1572 comparuit
2157 1508 2522 1572 nusquam:

504 1573 682 1636 unde
719 1573 938 1634 multis
980 1569 1271 1652 suspicio
1311 1569 1578 1631 suborta
1615 1567 1738 1643 est,
1803 1592 1961 1634 vana
2003 1585 2073 1633 ut
2112 1583 2270 1652 puto
2311 1583 2381 1632 et
2416 1569 2529 1630 fu-

506 1656 670 1730 tilis,
716 1655 949 1736 injull'u
982 1651 1175 1715 caffii
1213 1665 1524 1735 patratam
1566 1652 1830 1723 caedem
1871 1654 2023 1715 ess'e.
2085 1653 2215 1718 Vix
2249 1651 2529 1715 decide-

507 1753 611 1800 rat
646 1739 854 1801 Caffio
891 1751 1119 1819 caput,
1182 1755 1379 1819 quum
1413 1735 1745 1797 Titinnius
1794 1734 2006 1798 adfuit
2052 1748 2405 1797 coronatus
2458 1748 2531 1796 et

509 1822 789 1883 nuncius
846 1820 1183 1884 victoriae.
1254 1814 1411 1891 sed,
1475 1832 1832 1902 conspecto
1874 1817 2190 1881 cadavere
2234 1816 2531 1902 impera-

422 1972 429 1975 ν
462 1973 471 1985 ὁ
509 1904 677 1967 toris
700 1947 718 1976 ‚
763 1903 971 1984 Sequar
993 1944 1011 1975 ‚
1058 1899 1304 1987 inquit,
1352 1921 1492 1972 eum,
1537 1921 1693 1980 quem
1729 1921 1842 1962 mea
1879 1901 2077 1962 occidit
2115 1901 2380 1974 tarditas,
2423 1912 2529 1961 at-

512 2007 639 2072 que
679 1987 769 2048 ita
804 1983 1024 2047 stricto
1061 1982 1277 2066 gladio
1321 1981 1638 2044 incubuit.

180 2126 394 2179 Brun„
413 2134 493 2172 r,-
638 2087 751 2146 XI.
806 2083 1017 2147 Caffio
1055 2082 1136 2143 ad
1166 2081 1338 2143 hunc
1376 2083 1636 2145 modum
1675 2083 2097 2146 emortualem
2133 2096 2283 2166 apto
2322 2079 2534 2155 diem,

140 2196 493 2264 tiquiasexer.
519 2190 707 2254 quam
748 2166 1025 2230 natalem
1058 2164 1393 2239 habuerat,
1439 2169 1686 2228 Brutus
1719 2186 1794 2227 su
1845 2166 2143 2230 ervenit:
2186 2158 2538 2248 multoque

143 2267 276 2318 citus
292 2258 496 2313 Cassia·
523 2273 667 2315 cum
699 2247 894 2324 ssetu,
941 2249 1310 2309 Romanorum
1351 2247 1606 2308 ultimum
1644 2247 1808 2332 adpe
1841 2248 1979 2311 lans
2000 2292 2017 2325 ‚
2063 2247 2334 2311 tradidit
2368 2247 2538 2308 ami-

126 2334 199 2411 §ni
219 2328 460 2399 colligit.
524 2332 619 2409 cis
644 2378 661 2409 ,
708 2333 872 2396 clam
909 2330 1226 2395 militibus
1264 2328 1466 2391 Thasi
1506 2330 1996 2414 sepeliendum,
2041 2351 2125 2392 ne
2153 2331 2330 2391 luctu
2362 2329 2537 2391 mol-

436 2458 439 2461 >
527 2418 858 2480 lescen-ent
893 2412 1112 2476 animi.
1196 2414 1352 2473 Mox
1380 2413 1695 2498 reliquias
1734 2414 2060 2476 exercitus
2086 2413 2360 2476 Cassiani
2394 2412 2540 2473 col-

527 2499 730 2582 legit,
786 2495 1215 2582 pronunciato
1260 2495 1327 2554 in
1371 2497 1581 2579 capita
1621 2510 1771 2559 octo
1805 2496 2078 2557 millium
2116 2516 2542 2558 nummorum

532 2580 863 2644 donativo.
939 2600 1013 2640 ea
1062 2597 1172 2638 res
1224 2577 1483 2639 laudem
1526 2579 1654 2662 ipsi
1691 2600 1979 2663 magnam
2019 2579 2286 2652 adtulit,
2354 2578 2543 2640 cele-

531 2663 821 2748 bresque
842 2662 1131 2723 militum
1162 2659 1665 2724 adclamationes
1686 2706 1702 2736 ‚
1748 2664 1956 2724 solum
1993 2663 2075 2727 de
2105 2675 2384 2748 quatuor
2412 2661 2546 2721 im-

587 2745 952 2809 eratoribus
993 2742 1307 2804 invictum
1344 2745 1665 2806 victorem
1717 2766 1796 2807 ue
1832 2745 2369 2829 praedicantium.
2449 2744 2548 2806 At

588 2827 812 2890 ostium
859 2826 1072 2889 erexit
1124 2825 1374 2887 animos
1419 2768 1745 2891 Demenffi
1797 2827 2125 2909 cujusdam
2176 2822 2541 2900 adventus,

541 2914 655 3053 gui
701 2933 845 2974 cum
887 2908 1104 2994 gladio
1190 2908 1730 2994 aludamentoque
1764 2911 1994 2985 Canii,
2053 2931 2287 2974 recens
2337 2928 2545 2971 caeso

591 2995 894 3068 etractis,
955 2932 1418 3075 transfugerat.
1519 2992 1728 3075 Igitur
1775 3007 1841 3057 et
1886 2994 1956 3055 hi
1995 2992 2305 3078 postridie
2345 3010 2546 3053 mane

542 3074 907 3140 eduxerunt
932 3076 1133 3138 aciem
1158 3096 1176 3152 3
1221 3090 1286 3136 et
1309 3079 1549 3137 Brutus
1578 3091 1804 3140 contra
1832 3074 2126 3139 instruxit
2153 3094 2326 3139 suos.
2373 3094 2550 3135 neu·

541 3161 667 3221 tris
722 3159 966 3222 serium
1022 3154 1352 3243 pugnandi
1403 3160 1812 3241 propositum
1857 3157 2118 3230 aderat,
2183 3157 2302 3219 sed
2338 3157 2549 3240 primi

541 3240 756 3306 hostes
801 3242 1221 3304 recess'erunt.
1284 3241 1488 3322 igitur
1538 3253 1602 3301 et
1638 3244 1883 3304 Brutus
1928 3240 2240 3303 abstinuit
2282 3260 2547 3323 pugna,

547 3339 895 3392 contentus
932 3323 1731 3385 adversarios·obtriviss'e
1772 3323 1994 3397 dicto,
2031 3324 2273 3406 Ergone,
2316 3325 2414 3403 qui
2449 3341 2555 3381 nos

550 3407 1005 3494 tamquamfigffbs
1026 3408 1099 3466 ad
1114 3424 1353 3488 pugnam
1373 3425 1673 3486 provocant
1690 3448 1708 3478 ‚
1752 3407 2025 3484 confi’rere
2047 3425 2234 3487 mantes
2259 3408 2458 3463 timent
2476 3403 2506 3462 ἓ

190 3496 527 3582 &alfonsum
676 3511 816 3570 XII.
861 3504 1039 3569 Nihil
1078 3504 1232 3566 inde
1320 3505 1787 3567 raetermifl'um
1823 3504 2365 3576 a‘Bruto‘curae‚
2415 3521 2553 3585 quo

175 3565 527 3691 ‘xxxg'ffh
554 3592 1014 3656 detrimentum
1058 3585 1222 3650 hosti
1261 3527 1547 3648 Ξανθίαν.
1627 3609 1771 3649 nam
1814 3599 1879 3648 et
1915 3599 2295 3647 nocturnam
2339 3605 2556 3667 oppu-

418 3671 435 3688 ⁶
554 3676 923 3756 gnationem
957 3670 1302 3734 castrorum
1331 3691 1524 3735 ausus
1558 3668 1667 3744 est,
1718 3684 1785 3733 et
1817 3685 2107 3752 magnam
2139 3687 2365 3730 eorum
2403 3678 2559 3748 par-

555 3771 712 3831 tem,
757 3758 1054 3829 immillo,
1102 3757 1213 3840 qui
1248 3753 1422 3833 juxta
1455 3753 1814 3825 labebatur,
1860 3749 2083 3821 ssuvio,
2130 3748 2561 3811 inundatione

559 3841 826 3907 delevit.
916 3841 1054 3904 Sita
1087 3838 1264 3901 enim
1296 3833 1526 3898 humili
1554 3837 1704 3899 loco
1735 3848 1941 3909 erant,
1988 3845 2054 3894 et
2090 3832 2384 3895 continui
2417 3825 2564 3915 post

573 3946 1212 3972 Μ·

633 4004 783 4073 Cap.
816 4000 888 4127 Ἰξύ.
941 3998 1100 4056 Vell.
1150 4000 1286 4057 Val.
1323 3998 1592 4118 Max-132„
1633 4013 1742 4118 obl
1764 3994 1916 4118 CapA.
1944 3992 2047 4116 xli.
2101 3956 2384 4115 Apgiifaln}⁸
2415 3987 2568 4117 ‘liic-.-

558 4070 1831 4217 32224224:{ltf‘n{355331a;?1=1u3‘·
1919 4078 2001 4136 ΡΡ
2156 4077 2187 4114 ⁹
2310 4074 2397 4112 ¹¹·
2492 4070 2533 4126 ¹²
2587 4110 2592 4115 ·
