2675 4642
505 258 598 323 IN
638 255 948 324 Locum
987 258 1152 321 Lm.
1199 256 1491 328 CXXIV.
1536 252 1767 326 leu.
1848 288 1854 297 ·
2031 258 2160 335 435

133 467 477 552 proelium
513 465 763 539 imbres
798 454 1007 532 coe‘no
1044 479 1110 530 et
1144 487 1328 551 aqua,
1378 466 2003 554 continuo‘propter
2035 472 2157 535 fri·
2223 472 2293 527 U.
2327 492 2380 530 c.
2509 517 2525 534 .

127 572 251 633 gus
293 550 780 633 conglaciante,
824 550 1110 613 tentoria
1147 553 1592 633 repleverant.
1652 550 1756 612 Ad
1784 550 1946 615 haec
1980 574 2160 617 com·
2224 545 2296 599 A·
2318 547 2389 601 G·
2415 554 2505 616 4²·

126 647 468 695 meatuum
506 646 574 695 et
605 633 925 716 pecuniae
948 632 1413 715 premebantur
1436 631 1696 716 inopiat
1740 654 1825 695 ne
1874 657 1957 699 ue
1985 636 2159 699 mili-

123 717 173 778 ti
209 736 345 800 pro
382 714 588 777 rebus
621 716 860 778 amiss'is
889 715 1052 777 'dare
1079 713 1431 799 quidquam
1458 730 1723 797 practer
1745 737 1865 779 ver
1967 734 2157 803 pote-

128 811 281 861 rant
299 839 319 871 ,
371 810 442 859 et
473 797 709 859 instans
738 796 950 860 hiems
978 796 1292 877 majorem
1319 797 1648 861 inferebat
1670 796 1999 864 molestiae
2022 823 2160 865 me-

130 895 290 942 tum.
368 883 601 942 contra
635 901 819 964 spem
847 878 1326 966 propemodum
1357 900 1612 943 omnem
1638 883 2021 946 auferebant
2043 884 2162 946 de·
2233 873 2242 880 ⁸

122 963 292 1059 letae
321 985 361 1039 a
388 960 617 1027 Statio,
637 965 890 1048 copiae,
936 984 1095 1047 quas
1121 963 1408 1027 transire
1432 965 1794 1029 Brundisio
1827 966 2161 1033 triumviri

121 1058 484 1128 jusserant.

6 1210 9 1259 i
249 1183 434 1243 xm.
496 1177 750 1242 Eodem
791 1179 965 1245 enim
1002 1178 1148 1255 aie,
1196 1197 1327 1266 quo
1367 1175 1437 1240 in
1478 1177 1723 1265 campis
1758 1179 2158 1273 Philippicis
2214 1154 2559 1279 mmmm}

6 1298 9 1301 >
126 1262 211 1326 est
255 1264 744 1348 depugnatum,
814 1265 1039 1329 class'es
1104 1262 1299 1328 etiam
1355 1263 1638 1346 partium
1694 1265 1765 1327 in
1815 1266 2159 1331 Adriatico
2187 1279 2503 1335 adversum.

127 1351 291 1409 mari
342 1363 862 1412 concurrerunt.
967 1350 1147 1410 Duas
1206 1341 1550 1428 legiones,
1670 1367 1896 1410 uarum
1957 1350 2159 1414 altera

127 1429 363 1515 Martia
404 1428 571 1503 fuit,
619 1443 686 1491 et
721 1433 1117 1514 praetoriam
1147 1425 1542 1499 ‘cohorte-m,
1591 1449 1624 1490 a
1712 1432 1840 1492 duo
1880 1444 2156 1496 armato-

128 1533 266 1574 rum
297 1511 538 1584 millia,
588 1531 734 1573 cum
774 1529 1054 1599 quatuor
1095 1511 1389 1596 equitum
1432 1509 1576 1584 alis,
1622 1521 1689 1574 et
1724 1513 1848 1575 alia
1882 1512 2158 1600 insuper

131 1595 388 1658 delecta
437 1594 894 1673 multitudine,
954 1595 1284 1658 Domitius
1327 1591 1637 1656 Calvinus
1679 1596 2003 1659 onerariis
2039 1619 2153 1673 na..

129 1678 317 1741 vibus
372 1676 448 1737 in
490 1675 1410 1762 Graeciam.transportabat‚
1487 1675 1868 1739 triremibus
1964 1696 2153 1743 rose-

139 1760 489 1858 qucntibus
520 1761 782 1842 paucis3
829 1780 1026 1847 quum
1070 1780 1141 1825 se
1182 1758 1428 1826 Statius
1462 1759 1768 1834 Murcus,
1817 1773 1882 1823 et
1987 1762 2153 1824 omi-

71 1866 76 1873 ·
126 1850 256 1906 *tius
286 1841 775 1906 Ahenobarbus
817 1865 960 1907 cum
999 1856 1258 1906 centum
1299 1838 1570 1923 triginta
1615 1841 1833 1926 longis
1875 1843 2150 1907 navibus

135 1926 543 2007 objecerunt.
611 1928 844 2010 Magna
873 1927 970 1989 ibi
1005 1925 1241 1998 caedes
1274 1922 1778 1985 triumviralium
1813 1923 2150 2008 copiarum

129 2009 319 2071 facta.
400 2027 546 2067 nam
574 2049 591 2079 ‚
648 2025 913 2090 praeter
960 2008 1298 2071 onerarias
1338 2003 1512 2065 haud
1546 2006 1635 2067 ita
1667 2008 1936 2079 multas,
1985 2027 2145 2091 quas

129 2092 396 2175 longius
449 2090 691 2151 ceteris
733 2106 1082 2175 provectas
1134 2090 1400 2173 impleta
1449 2102 1646 2151 vento
1695 2090 1836 2151 vela
1880 2088 2146 2173 eripue-

6 2210 9 2255 r
126 2189 308 2247 rant,
371 2185 635 2236 ceterae
675 2194 938 2250 omnes,
996 2187 1277 2257 repente
1319 2170 1597 2233 cess'ante
1637 2169 1831 2243 flatu,
1878 2171 2146 2256 impune

130 2254 838 2319 circumveniebantur.
895 2276 1114 2341 neque
1155 2251 1426 2317 defendi
1463 2272 1497 2313 a
1534 2252 1917 2315 triremibus
1956 2268 2146 2336 pote-

6 2280 11 2477 ἱ
128 2354 294 2411 rant,
348 2340 547 2422 longe
581 2336 942 2423 imparibus
975 2336 1140 2401 hosti
1170 2349 1450 2421 propter
1471 2335 1881 2418 paucitatem.
1936 2336 2146 2398 Unum

131 2420 561 2484 succurrebat
593 2418 1120 2503 periclitantibus
1161 2417 1525 2485 remedium
1566 2420 1778 2481 contis
1817 2432 2011 2502 atque
2040 2418 2147 2480 fu·

128 2504 324 2567 nibus
377 2502 694 2587 jungendi
745 2525 984 2576 naves,
1048 2522 1133 2567 ne
1172 2498 1514 2567 circumiri
1553 2498 1633 2561 ab
1672 2497 1958 2563 hostibus
1996 2520 2154 2584 pos·

133 2601 312 2649 sent:
365 2584 485 2648 sed
522 2585 738 2647 emiss'a
779 2587 857 2649 ab
895 2585 1000 2648 his
1035 2585 1240 2670 ignita
1274 2583 1483 2664 jacula
1516 2580 1887 2647 dissolvere
1923 2583 2153 2645 vincu-

135 2670 190 2735 la
235 2669 599 2752 cogebant,
666 2683 734 2732 et
788 2685 1067 2754 propter
1104 2683 1351 2732 metum
1388 2664 1680 2727 incendii
1727 2665 2005 2749 sparsim
2047 2665 2154 2727 fu·

6 2802 9 2815 1⁷
135 2773 328 2835 gere,
394 2771 601 2835 eaque
648 2753 902 2831 ratione
949 2772 1180 2813 rursus
1232 2769 1303 2813 se
1355 2747 1677 2831 praebere
1715 2746 2009 2811 rostratis
2050 2746 2186 2821 fe„

6 2828 9 2877 ⁸
130 2835 419 2900 fiendas.
506 2838 578 2896 In
616 2854 693 2896 ea
736 2835 1201 2920 desperatione
1249 2846 1601 2894 veteranos
1639 2829 1815 2910 ajunt
1852 2851 2011 2914 prae
2046 2829 2151 2891 ni-

6 2898 9 2983 Ι
134 2919 261 2980 mio
326 2917 600 2992 dolore,
668 2918 846 3000 quod
899 2918 1147 2979 virtute
1201 2915 1503 2998 potiores
1557 2910 1750 2975 inulti
1852 2910 2145 2986 eribant,

6 3006 7 3013 ’
133 3000 254 3062 sibi
290 2999 556 3083 partim,
602 3014 943 3083 antequam
976 3001 1325 3061 excitatum
1354 2993 1729 3057 incendium
1761 3014 1796 3055 e
1855 3007 1940 3067 et,
1990 3012 2147 3056 con-

129 3081 389 3146 sciviss'e
422 3100 688 3159 necem3
743 3083 1011 3163 partim,
1061 3079 1435 3143 insilientes
1470 3077 1538 3137 in
1572 3073 1826 3139 hostilia
1858 3074 2143 3160 navigia,

126 3165 325 3235 multa
371 3163 635 3239 feciss'e,
699 3163 912 3249 qualia
955 3163 1299 3227 necess‘itas
1343 3172 1630 3223 extrema
1672 3176 1750 3220 co
1800 3158 1885 3229 it,
1946 3156 2148 3219 multa

129 3247 341 3329 pass'os
382 3245 536 3307 ess'e.
623 3249 784 3308 Erat
822 3247 1098 3309 immane
1139 3241 1614 3329 spectaculum,
1680 3238 1749 3301 vi
1801 3258 1916 3301 ere
1969 3238 2146 3303 inter

125 3329 420 3391 marinos
456 3325 694 3391 fluctus
731 3328 1118 3392 emicantem
1157 3348 1192 3389 e
1229 3326 1506 3389 navibus
1538 3319 1883 3398 «flammam,
1928 3335 1996 3384 et
2033 3341 2140 3384 se-

6 3468 9 3499 ¹.
124 3409 509 3473 miustulatis
533 3410 971 3489 inhaerentes
1013 3407 1457 3493 carinis·alios
1497 3405 1806 3469 incendio
1844 3402 2134 3502 corripi3

6 3504 7 3507 ’
124 3493 289 3555 alios
313 3536 330 3567 ,
389 3488 510 3556 hac
547 3489 725 3578 peste
763 3489 874 3555 vix
911 3495 1186 3565 evitata,
1230 3490 1460 3572 jactari
1501 3489 1644 3551 sine
1680 3501 2133 3560 armamentis,

127 3575 267 3638 sine
295 3591 684 3649 commeatu,
719 3575 931 3639 donec
959 3575 1128 3638 fame
1155 3575 1397 3670 sitique
1420 3571 1928 3634 conficerentur.
1953 3604 1956 3613 ·
1977 3571 2136 3632 Ser·

121 3658 254 3721 vati
293 3672 515 3721 tamen
558 3659 654 3721 sic
695 3658 890 3721 etiam
931 3671 1081 3721 sunt
1114 3656 1357 3740 aliqui,
1401 3654 1641 3718 tabulis
1684 3667 1791 3715 aut
1833 3650 2133 3715 antennis

120 3739 592 3814 adhaerentes,
652 3755 720 3804 et
759 3740 838 3801 ad
877 3740 1185 3823 scopulos
1232 3752 1298 3799 et
1316 3739 1737 3821 importuosa
1775 3736 1970 3797 litora
1997 3732 2132 3796 ssu-

123 3824 353 3886 ctibus*
386 3825 565 3887 elati.
630 3837 846 3898 erant,
897 3824 1047 3910 qui,
1093 3835 1162 3884 et
1190 3820 1492 3905 ‘quintam
1528 3817 1597 3879 in
1641 3817 1817 3879 diem
1850 3816 2129 3879 tolerata

6 3930 9 3995 't
121 3906 332 3981 fame,
398 3921 594 3991 atque
639 3906 908 3969 interim
955 3904 1120 3970 velis
1169 3916 1236 3965 et
1276 3900 1545 3963 funibus
1581 3899 1839 3973 adesis,
1900 3910 1968 3960 et
2000 3897 2128 3959 lin,

6 4002 9 4141 h
117 3989 326 4077 genda
368 3991 519 4075 pice
557 3989 734 4053 sitim
765 4004 1114 4074 utcumque
1144 3984 1471 4060 fallentes,
1512 3982 1887 4048 evaderent.
1948 3981 2127 4044 Lon-

185 4182 337 4255 Cap.
368 4179 497 4238 XII.
541 4181 685 4238 Dio.
723 4189 781 4237 et
808 4177 964 4237 Plut.
1039 4176 1185 4249 Cap.
1217 4172 1388 4233 xm.
1413 4173 1566 4321 lssut.
1604 4171 1953 4380 etNAppian.

1516 4270 1557 4320 θ
1596 4272 1642 4320 2
