2675 4642
454 234 541 298 IN
586 230 883 297 nomm
912 233 1075 297 LIB.
1116 233 1425 303 CXXXII.
1468 236 1701 311 Lrvn.
1935 231 2070 295 cos

128 442 575 507 conviviorum
615 438 701 502 est
731 440 1249 525 intemperantia3
1307 455 1373 503 et
1409 441 1776 524 Cleopatra,
1834 465 1917 505 ne
1950 445 2069 504 mi·
2126 431 2195 487 u·
2224 451 2282 486 θ·
2348 447 2432 486 ²⁶·
2491 434 2500 443 ⁸

117 525 409 589 'notibus
441 523 530 585 ibi
557 521 907 584 honoribus
937 524 1338 597 adficeretur,
1375 544 1556 604 quam
1588 524 1910 607 adceptam
1941 528 2072 588 else
2125 504 2196 558 A·
2220 503 2291 559 C·
2380 537 2400 556 ⁶

127 605 472 669 Octaviam
528 602 888 676 audiverat,
955 607 1383 667 Athenienses
1438 605 1650 675 multis
1702 607 2069 668 muneribus

131 687 362 750 coluit.
443 684 692 749 Idcirco
729 684 846 763 iam
879 707 912 745 a
945 676 1155 748 multis
1192 684 1501 747 aetatibus
1540 707 1814 748 summus
1844 702 2070 770 poten·

129 769 377 830 tiorum
414 767 696 828 adulator
733 767 1003 848 populus
1038 767 1411 830 immodicos
1447 766 1507 827 ei
1536 766 1816 829 bonores
1845 770 2071 831 ‹lecre-

128 849 252 912 vit.
301 847 370 909 id
402 847 804 928 plebiscitum
840 844 1007 908 inter
1036 851 1352 931 primores
1385 846 1606 930 oppidi
1631 852 1942 925 Antonius
1976 864 2071 912 et-

131 930 302 1000 iam,
365 929 525 991 civis
554 926 963 990 Atheniensis
1009 930 1293 1004 scilicet,
1353 929 1432 991 ad
1473 930 1756 1013 reginam
1799 927 2068 1006 detulit,

134 1014 627 1095 orationemque
666 1005 886 1072 babuit
924 1012 1180 1075 nomine
1217 1012 1515 1097 civitatis.

257 1152 345 1224 V.
398 1153 557 1218 Tum
602 1179 759 1221 vero
804 1179 931 1220 non
975 1158 1212 1221 diutius
1256 1157 1561 1225 sustinere
1606 1160 1853 1243 potuit,
1918 1161 2068 1246 quin
2129 1194 2384 1259 octus„

132 1239 482 1323 repudium
512 1240 812 1302 Octaviae
840 1241 1157 1317 mitteret3
1200 1261 1462 1323 eamque
1503 1242 1634 1302 suis
1672 1240 1934 1305 aedibus
1975 1244 2070 1321 ju·
2095 1268 2389 1336 „pugium

134 1322 328 1382 beret
362 1321 696 1382 excedere.
754 1322 859 1382 Illa
892 1323 1168 1404 plorans,
1214 1337 1278 1384 et
1307 1322 1782 1383 lamentabunda
1812 1345 1881 1385 se
1914 1346 2071 1406 quo-

135 1422 266 1486 que
307 1401 482 1463 inter
515 1404 746 1463 caull'as
781 1403 938 1464 belli
976 1403 1137 1476 elle,
1197 1403 1436 1480 exivit3
1499 1425 1578 1466 ne
1632 1418 1759 1464 tum
1814 1407 2071 1488 quidem

137 1502 294 1544 cura
332 1482 622 1564 deposita
661 1483 1134 1566 privignorum,
1196 1505 1356 1569 quos
1400 1507 1521 1545 una
1564 1505 1776 1547 secum
1816 1478 2066 1559 eduxit,

135 1578 404 1648 praeter
438 1566 767 1625 maximum
804 1579 986 1636 natu,
1031 1565 1142 1660 qui
1177 1566 1507 1649 profectus
1549 1568 1624 1627 ad
1657 1581 1896 1649 patrem
1925 1567 2070 1628 fue-

72 1688 81 1696 (
135 1658 260 1706 rat.
344 1643 550 1706 Triste
589 1647 1012 1727 spectaculum
1053 1645 1118 1706 id
1154 1648 1394 1730 populo
1438 1647 1596 1709 fuit:
1652 1668 1861 1731 neque
1897 1648 2069 1709 illam

42 1776 47 1781 ,
138 1725 334 1787 modo
370 1726 862 1799 miserabantur,
918 1726 1031 1787 sed
1061 1726 1399 1789 Antonium
1440 1729 1672 1811 magis,
1735 1730 1843 1812 qui
1880 1731 2067 1790 talem

140 1825 408 1868 uxorem
444 1826 655 1869 amens
690 1807 1040 1869 dimitteret
1072 1806 1137 1868 in
1166 1810 1542 1891 Cleopatrae
1583 1810 1865 1891 gratiam,
1910 1828 2068 1893 quae

138 1900 222 1949 ne
257 1887 466 1949 forma
503 1886 794 1970 quidem,
837 1908 958 1971 qua
993 1910 1113 1949 una
1145 1891 1496 1964 niteretur,
1555 1905 1658 1953 aut
1695 1892 1915 1953 aetatis
1950 1888 2071 1951 sso-

140 1986 216 2031 re
245 1968 577 2031 Octaviam
621 1970 927 2041 vinceret.
1008 1972 1096 2031 At
1144 1971 1326 2032 luxus
1385 1987 1448 2033 et
1501 1972 1761 2035 tarditas
1807 1971 2073 2033 Antonii
2151 1997 2156 2003 ·

139 2069 375 2132 magno
410 2065 578 2112 metu
608 2052 936 2113 Caesarem
971 2052 1304 2127 liberavit,
1352 2075 1432 2114 ne
1465 2054 1832 2136 imparatior
1867 2053 2074 2115 ordiri

142 2130 386 2193 bellum
424 2145 782 2214 cogeretur.
861 2154 1003 2194 nam
1037 2133 1298 2194 Antonii
1335 2135 1666 2199 oscitantia
1706 2134 1973 2217 spatium
2011 2132 2075 2195 ei

145 2212 327 2274 dedit
371 2226 436 2274 et
470 2212 742 2296 cogendi
827 2216 1081 2277 ecunias
1120 2214 1194 2275 ab
1233 2214 1475 2287 invitis,
1518 2229 1582 2277 et
1609 2216 1896 2298 placandi
1927 2235 2077 2297 spo-

144 2293 373 2367 liatos,
443 2315 709 2375 quorum
817 2296 958 2356 olor
1018 2296 1188 2355 inter
1243 2296 1624 2379 exigendum
1684 2297 2071 2366 acerrimus,

147 2377 258 2519 {bi
302 2374 651 2449 dediss'ent,
712 2375 965 2440 modico
1008 2377 1391 2461 interposito
1435 2392 1763 2460 tempore,
1826 2377 2075 2459 mitiga·

194 2473 371 2524 atur..

266 2600 382 2671 Vt.
426 2602 587 2668 Dum
623 2599 779 2669 baec
813 2616 1100 2690 aguntur,
1144 2608 1318 2671 velut
1353 2610 1420 2668 in
1457 2607 1745 2669 solatium
1779 2605 1937 2665 urbe
1967 2623 2073 2664 ex·
2135 2630 2359 2684 psam„
2376 2639 2425 2679 ,ι

152 2684 515 2750 cedentium
538 2731 556 2759 ,
614 2691 892 2750 Fortuna
921 2689 1174 2751 Caesari
1209 2689 1510 2774 quosdam
1550 2686 1815 2749 illustres
1851 2707 1930 2748 ex
1967 2705 2073 2748 co·
2110 2701 2278 2752 Titius
2320 2699 2388 2749 ab

149 2764 342 2832 horte
374 2769 721 2830 amicorum·
740 2770 999 2831 Antonii
1030 2769 1320 2831 restituit.
1404 2774 1578 2832 Inter
1611 2788 1767 2852 quos
1791 2770 1863 2827 Β.
1888 2769 2075 2829 Plan·
2102 2769 2330 2845 Antonio
2354 2763 2429 2816 ad

152 2866 264 2913 cus
285 2890 302 2923 ,
349 2851 459 2933 qui
488 2850 696 2912 fuerat
732 2848 798 2910 in
830 2853 1198 2934 turpissimis
1228 2851 1657 2912 adulatoribus
1682 2851 2082 2930 Cleopatrae,
2103 2840 2374 2889 Caesarem

150 2945 426 3015 propter
460 2950 683 2995 vocem
712 2933 972 2997 Antonii
1014 2932 1234 3012 jactam
1281 2933 1347 2991 in
1395 2931 1728 3000 convivio,
1789 2950 1907 3011 qua
1951 2929 2077 2990 sibi
2100 2911 2395 2958 'mmmm‘

150 3015 408 3096 rapinas
446 3013 819 3096 exprobrari
862 3027 1182 3084 senserat,
1227 3012 1304 3074 ad
1334 3015 1665 3075 Caesarem
1701 3010 2076 3092 transfugit:

150 3113 428 3177 eumque
463 3096 673 3176 paullo
714 3090 848 3176 post
882 3100 968 3157 Μ.
999 3095 1240 3167 Titius,
1285 3113 1509 3156 sorore
1546 3091 1765 3152 Planci
1804 3091 2077 3173 genitus,

148 3173 432 3238 imitatus
475 3172 584 3238 est.
678 3175 807 3237 Sed
846 3174 895 3236 ii
936 3177 1198 3238 cauffam
1239 3172 1621 3237 defectionis
1662 3172 1820 3233 hanc
1861 3171 2083 3235 edide-

151 3271 338 3319 runtt
395 3261 687 3319 Amanium
707 3298 724 3330 ,
779 3262 980 3316 actione
1022 3257 1298 3339 Caesaris,
1338 3257 1468 3337 ‚post
1503 3253 1776 3333 disceffum
1813 3251 2084 3333 consulum

151 3340 223 3399 de
250 3338 461 3419 firipto
502 3343 776 3399 recitantis
817 3342 931 3419 ejus
955 3338 1207 3420 facinora
1223 3378 1241 3412 ,
1282 3341 1600 3408 irritatum,
1643 3338 1929 3394 amicorum
1956 3354 2096 3394 ωηο.

140 3418 330 3499 filium
362 3418 604 3501 co&g{ffi›;
647 3418 852 3500 ibique,
894 3418 1075 3478 multis
1113 3424 1173 3480 in
1213 3431 1491 3500 utramque
1528 3434 1734 3497 partem
1767 3415 2077 3495 disputatis,

154 3495 389 3577 bellum,
435 3498 716 3581 repudiata
758 3503 982 3561 Octavia
999 3541 1016 3574 ‚
1060 3501 1304 3581 decreffe.
1388 3498 1670 3579 Ejusmodi
1710 3496 1982 3577 consultis,
2026 3514 2081 3555 et

160 3581 482 3661 Cleopatrae
516 3582 710 3654 taedia,
754 3596 898 3660 muta
939 3603 966 3640 e
1001 3596 1181 3662 partes
1221 3582 1513 3641 deteriores
1554 3577 1875 3638 melioribus.
1933 3577 2081 3637 Nam

153 3680 209 3722 et
275 3662 523 3744 regillatos
565 3680 598 3720 a
636 3662 819 3745 regina
860 3686 886 3721 e
930 3684 990 3734 e,
1083 3662 1189 3721 uod
1223 3664 1457 3722 Antonio
1496 3655 1760 3740 confilium
1801 3662 2079 3718 remitten-
2169 3668 2174 3677 “

152 3742 216 3802 di
269 3762 380 3802 eam
433 3749 491 3803 in
537 3747 836 3823 Aegyptum
887 3682 1164 3819 dedistne
1249 3743 1539 3804 Caesaris
1580 3760 1707 3801 non
1750 3739 2077 3811 interfuit,

155 3822 388 3908 quibus
425 3822 698 3911 quisque
741 3821 962 3886 causs'is
1003 3822 1405 3895 disceffiss'et:
1454 3821 1922 3910 opportunitate
1962 3820 2081 3883 ho-

216 4030 365 4106 (περ.
398 4029 648 4092 vsu«.
680 4029 837 4105 epa.
883 4035 1022 4092 mo.
1066 3993 1245 4090 0142..
1281 4042 1341 4089 ιι
1370 4031 1518 4088 mut.
1607 3988 1755 4106 cap.
1792 4016 1891 4093 ἐτι.
1931 3986 2082 4103 vio,
2153 4068 2154 4071 κ

153 4097 308 4157 Plut.
344 4113 404 4158 et
428 4105 588 4187 vell.
616 4123 665 4174 a,
691 4106 778 4164 83.
831 4106 968 4161 Dio.
1012 4103 1353 4185 Pluuxnie.
1388 4104 1422 4141 -ἱ
1493 4130 1528 4139 -ι
1668 4125 1672 4129 ·
1784 4128 1793 4139 -
