2675 4642
583 235 706 312 340
762 234 1163 327 FREINSIJ.
1187 228 2015 301 SUPPLEMENTORUM
2039 229 2189 289 Lm.
2207 228 2527 295 LXXXV.

250 447 321 503 U.
358 463 410 500 c.
440 444 565 514 760.
595 440 760 502 saris
783 481 799 512 ,
844 440 1058 523 legem
1094 438 1242 500 tulit
1281 438 1363 498 de
1400 435 1765 532 quaestione
1798 438 2089 502 habenda
2123 438 2191 499 in
2221 459 2360 512 eos,
2408 458 2561 523 quo·

250 517 324 585 ,A-
360 516 426 572 ὓ·
462 515 554 584 43·
596 542 738 584 rum
777 522 1029 584 scelere
1062 533 1246 604 pater
1274 540 1533 581 occisus
1572 521 1762 582 essetz
1812 542 1998 606 quam
2031 520 2112 583 de
2143 523 2409 586 nomine
2435 521 2561 584 col·

598 606 781 687 legae
813 603 1078 665 Pediam
1117 601 1338 663 maluit
1380 601 1717 685 adpellari.

255 743 357 811 qut
383 760 558 797 omnes
669 772 673 781 ·
717 736 828 799 IV.
871 735 1011 796 Hac
1048 730 1346 816 postulati
1384 747 1532 795 sunt
1567 755 1696 795 non
1727 733 2140 818 percuss'ores
2180 732 2409 809 modo,
2456 730 2566 797 sed

222 811 573 879 humum?-
598 828 663 881 et
702 817 812 900 qui
841 815 1098 891 conscii
1137 812 1323 877 fuisse
1360 817 1783 877 consiliorum
1820 815 2229 896 dicerentur3
2273 819 2564 880 absentes

595 901 895 983 plerique
917 941 933 971 ,
979 897 1273 958 nonnulli
1304 896 1383 958 'et
1415 897 1707 967 insontes
1728 941 1744 970 ,
1789 900 1900 983 qui
1940 920 2064 961 nec
2094 899 2387 962 insidiati
2419 900 2567 960 Cae-

597 982 768 1053 sari,
830 995 952 1041 nec
993 979 1255 1040 omnino
1295 1000 1376 1040 eo
1415 984 1707 1063 tempore
1743 982 1989 1043 versati
2016 982 2257 1042 Romae
2294 983 2565 1043 fuerant.

592 1064 731 1124 Hac
775 1060 1006 1123 fraude
1095 1060 1406 1143 raecipue
1438 1063 1586 1122 Sex.
1615 1060 1964 1145 Pompeius
2007 1062 2391 1146 petebatur,
2453 1061 2568 1122 hoc

591 1143 865 1207 crimine
895 1143 1020 1204 hau
1098 1141 1294 1213 dubie
1317 1143 1664 1220 innoxius}
1705 1142 1824 1207 sed
1853 1162 2043 1227 quem
2071 1144 2367 1227 quolibet
2383 1163 2567 1228 prae-

591 1236 773 1287 textu
819 1224 965 1287 tolli
1014 1219 1415 1286 Julianarum
1470 1225 1746 1306 partium
1803 1225 2156 1297 interesset.
2256 1227 2418 1288 Reis
2461 1224 2569 1286 hac

588 1308 743 1390 lege
781 1305 1108 1367 universis
1146 1326 1269 1385 una
1308 1306 1651 1388 praeconis
1691 1306 2188 1371 denunciatione
2224 1306 2399 1370 dicta
2435 1306 2564 1367 dies

592 1389 720 1465 est,
765 1387 1214 1471 damnatique,
1262 1387 1667 1469 inspectante
1707 1390 2022 1461 Caesare,
2079 1388 2159 1451 a‘d
2202 1405 2399 1450 unum
2444 1409 2568 1448 om-

592 1490 747 1543 nes»,
810 1470 1112 1530 absentes
1165 1468 1505 1552 plerique,
1564 1470 1823 1531 nemine
1869 1468 2148 1550 judicum
2198 1471 2569 1532 absolvente

596 1573 1017 1638 quemquam,
1065 1571 1194 1611 uno
1233 1565 1604 1611 senatorum
1640 1563 1915 1635 excepto
1939 1594 1955 1624 ,
1999 1555 2074 1613 P.
2110 1552 2344 1614 Sicilio
2377 1552 2567 1613 Coro-

510 1648 517 1657 ’
595 1650 781 1706 nate,
847 1633 958 1716 qui
995 1636 1082 1693 Μ.
1119 1635 1389 1693 Brutum
1437 1629 1716 1693 absolvit
1758 1633 1999 1716 palam:
2058 1634 2238 1713 cujus
2290 1634 2394 1695 rei
2443 1633 2568 1693 dis·
2629 1682 2630 1691 ,

597 1710 888 1779 simulata
944 1713 1354 1775 interim.ira
1405 1732 1553 1775 mox
1600 1714 2104 1798 proscriptione.
2138 1715 2423 1778 hominis
2465 1736 2565 1799 pa·

595 1797 741 1860 tuit.
1975 1813 1980 1818 ·

721 1923 804 1985 V.
847 1920 925 1982 P.
958 1916 1277 1983 Servilius
1303 1919 1543 1996 Casca,
1589 1916 1701 2006 qui
1731 1915 2006 2005 p'rimum
2035 1916 2233 1984 ictum
2258 1916 2564 2003 inflixerat
2627 1916 2630 1969 ἓ

603 2003 902 2075 Caesari,
949 2004 1341 2066 tribunatum
1377 2005 1592 2089 plebis
1630 2025 1710 2066 eo
1746 2024 1915 2064 anno
1947 2002 2256 2087 gerebat,
2298 2004 2562 2087 patiente
2627 2022 2630 2051 =

605 2084 962 2147 Octaviano
984 2125 1000 2158 ,
1047 2086 1159 2168 qui
1195 2099 1328 2147 tum
1367 2086 1574 2148 adhuc
1609 2086 1826 2147 odium
1862 2086 1931 2147 in
1966 2085 2372 2168 percuss'ores
2399 2099 2567 2165 tege·
2625 2128 2626 2131 ,

604 2166 737 2228 bat.
818 2170 915 2240 Is,
961 2187 1175 2250 neque
1209 2168 1613 2230 adolescenti
1647 2166 1892 2239 fidens,
1939 2181 2003 2228 et
2034 2168 2389 2250 exagitatus
2420 2162 2571 2227 aCi·
2623 2184 2630 2218 Α

607 2268 884 2319 cerone‚
959 2249 1110 2332 (qui
1158 2252 1493 2329 parricidam
1534 2249 1859 2333 adpellare
1900 2249 2331 2320 sustinuerat,
2398 2265 2572 2332 quum
2622 2246 2631 2300 l

609 2328 841 2391 eodem
880 2343 1176 2413 tempore
1213 2351 1336 2414 pro
1377 2332 1580 2394 salute
1624 2331 2062 2414 perculsorum
2087 2372 2113 2403 ,v
2169 2330 2407 2413 quibus
2451 2339 2575 2390 erat
2623 2352 2628 2383 4

604 2411 1054 2484 amiciss'imus,
1103 2414 1445 2474 Caesarem
1485 2434 1610 2495 per
1639 2412 1933 2494 epistolas
1969 2432 2045 2473 ro
2093 2411 2274 2490 affet)
2317 2433 2445 2474 non
2477 2429 2576 2472 ex·
2625 2458 2628 2463 .

280 2486 539 2560 Collv'ga‘
613 2501 905 2576 spectato
943 2494 1240 2555 Caesaris
1283 2493 1600 2566 adventu,
1663 2499 1864 2555 Roma
1915 2513 2036 2576 pro
2074 2505 2320 2577 ugerat.
2403 2492 2575 2573 Hunc
2627 2526 2628 2531 κ

234 2562 586 2630 magistratum
611 2577 689 2635 P.
715 2574 929 2636 Titius
968 2574 1254 2658 collega,
1300 2572 1664 2658 magistratu
1703 2576 2036 2659 abrogato,
2082 2596 2262 2645 reum
2299 2573 2575 2658 peregit3

240 2632 575 2751 :2:232'2„
618 2669 683 2717 et
718 2670 864 2731 ante
899 2677 1130 2716 annum
1166 2669 1459 2719 mortuus
1499 2655 1776 2723 firmavit
1812 2656 2205 2740 opinionem,
2248 2676 2381 2718 non
2418 2652 2575 2752 poffe

222 2764 540 2836 summ„
618 2760 850 2799 annum
908 2738 1373 2833 supervivere,
1450 2738 1562 2824 qui
1620 2739 1909 2823 collegae
1965 2735 2397 2824 magistratum
2449 2733 2576 2799 abs·
2625 2768 2626 2789 2

615 2821 877 2884 tuliss'et.

606 3006 613 3015 ,
745 2940 853 3009 VI.
914 2948 1049 3007 Nec
1101 2941 1402 3008 dill'imile
1449 2945 1530 3041 Q.
1577 2941 1771 3009 Gallii
1869 2940 2147 3008 raetoris
2196 2938 2399 3008 fatum
2444 2940 2576 3016 fuit,

624 3025 808 3106 cujus
845 3047 1045 3110 opera
1084 3042 1217 3103 tum
1250 3032 1457 3089 Bruto
1501 3042 1695 3112 atque
1731 3030 1814 3089 Ca
1870 3048 1936 3089 io
1976 3028 2346 3112 abrogatum
2394 3027 2578 3108 impe·

625 3110 796 3171 rium
836 3124 994 3170 erat.
1092 3109 1345 3172 Idcirco
1386 3112 1785 3195 provinciam
1822 3109 2109 3175 Africam
2139 3109 2417 3193 praemii
2449 3108 2578 3168 loco

628 3206 856 3253 nactus
908 3213 941 3273 a
988 3194 1296 3262 Caesare,
1361 3193 1579 3275 paullo
1627 3190 1763 3275 post
1811 3193 2275 3254 miserabiliter
2322 3189 2579 3252 interiit.

628 3272 845 3355 Quum
875 3274 1083 3347 enim,
1128 3274 1483 3356 pugillares
1519 3272 1813 3357 duplices
1847 3272 2013 3336 veste
2038 3288 2292 3357 tegens,
2336 3274 2416 3334 ad
2442 3274 2580 3334 Cae-

630 3375 845 3417 sarem
893 3356 1288 3418 salutandum
1326 3357 1678 3428 intro‘iss'et,
1742 3356 2178 3440 suspicionem
2223 3357 2431 3417 movit
2467 3354 2583 3437 gla-

631 3437 812 3521 dium
850 3439 1087 3499 occuli.
1170 3441 1307 3499 Nec
1349 3459 1540 3499 ausus
1582 3435 1775 3498 statim
1814 3438 2152 3522 inquirere
2189 3439 2458 3511 Caesar,
2510 3451 2581 3494 ne

634 3518 794 3602 quid
830 3516 1004 3580 aliud
1043 3517 1477 3591 inveniretur,
1518 3520 1734 3613 paullo
1775 3518 1910 3605 post
1945 3541 1981 3580 e
2016 3518 2320 3582 tribunali
2355 3531 2584 3601 raptum

634 3602 941 3662 servilem
982 3601 1047 3660 in
1081 3599 1340 3663 modum
1379 3613 1607 3674 torsit,
1651 3617 2119 3686 negantemque
2153 3601 2325 3683 juffit
2368 3595 2580 3670 occidi,
2621 3602 2622 3607 ’

1459 3730 1480 3757 ι.
1631 3718 1674 3755 τὲ·

703 3791 852 3862 Cap.
898 3791 1002 3845 ΠΙ.
1049 3788 1185 3845 Dio.
1235 3785 1491 3861 Appian.
1546 3786 1701 3845 ven.
1736 3809 1799 3857 α,
1839 3791 1931 3856 60.
2016 3787 2164 3862 Cap.
2194 3785 2299 3843 lv.
2355 3789 2578 3844 Sueton-

633 3858 774 3914 Ner.
793 3863 848 3916 3.
882 3861 1039 3913 Plut.
1078 3856 1243 3913 Caes.
1284 3859 1617 3929 Appian.et
1633 3857 1770 3914 Dio.
1805 3860 1944 3912 Dio.
1984 3859 2232 3930 Appian.
2272 3858 2410 3913 Dio.
2445 3855 2579 3910 Plut.

633 3930 844 3983 Bruto.
882 3928 1133 4002 Appian.
1164 3939 1220 3983 et
1246 3927 1383 3982 Dio.
1456 3930 1601 4000 Gap.
1636 3931 1710 3982 V.
1766 3928 1958 4000 Supra
1992 3931 2117 3997 ns»,
2143 3930 2229 3995 57.
2281 3926 2416 3982 Dio.
2467 3921 2576 3978 Cic.
2619 3962 2620 3993 3

634 3997 712 4050 nd
740 3997 857 4052 Att.
885 4001 967 4064 16,
995 4001 1075 4053 15.
1117 4007 1173 4051 et
1202 3997 1459 4062 Phil.·13,
1486 4001 1567 4054 15.
1604 3996 1739 4051 Dic.
1778 3996 1906 4052 Cic.
1939 3993 2014 4050 ad
2036 3999 2212 4052 Brut-⁴
2237 4013 2282 4061 ι,
2315 4015 2396 4059 17.
2426 4002 2478 4047 et
2504 3993 2576 4046 16·
2619 4014 2620 4031 ¹

633 4062 772 4120 Dio.
824 4067 947 4122 Cic.
980 4066 1058 4121 ad
1085 4071 1244 4122 Fam.
1277 4084 1363 4134 ιο,
1404 4085 1484 4120 12.
1556 4065 1700 4137 Cap.
1734 4068 1837 4121 VI.
1891 4066 2026 4121 Dio.
2074 4066 2187 4122 Jul.
2222 4064 2438 4138 Obseq.
2475 4060 2577 4131 Ap·

628 4134 796 4208 pian.
830 4135 951 4191 Jul.
978 4137 1200 4211 Obseq.
1234 4134 1492 4210 Appian.
1532 4135 1777 4192 Sueton-
1815 4134 1966 4212 Aug.
1995 4151 2081 4207 27.
2510 4142 2517 4148 '
