2675 4642
430 278 524 342 m
559 273 870 340 Locum
910 255 1732 345 Lm.cxxx1v.1.1v11.
1903 335 1908 340 ,
1975 274 2100 355 ⁶75

11 521 16 548 ε
102 488 250 550 dum
289 487 472 557 licet,
531 486 657 542 eoei.
731 484 862 542 Hoc
894 486 991 542 M.
1030 485 1309 559 Agrippa
1345 484 1605 554 suadeo,
1660 487 1795 557 qui,
1833 491 1896 542 te
1920 488 2085 559 prin·
2152 485 2433 554 U.c.723.

11 609 14 616 .
99 562 228 633 cipe
258 557 518 630 adeptus
547 563 724 629 atque
767 562 1143 623 retenturus,
1204 552 1497 627 quidquid
1532 573 1773 610 summo
1805 553 1938 611 loco
1977 559 2086 610 mi·
2147 557 2412 631 A.c.29.

11 623 14 680 ἶ
101 647 215 689 nus
245 635 371 694 est,
420 628 488 684 in
519 622 716 680 libera
754 623 1105 698 republica,
1161 624 1327 679 inter
1357 631 1451 678 tot
1480 622 1754 684 illustres
1785 626 1979 690 viros,
2027 629 2087 679 et
2348 660 2362 669 .

11 693 14 742 ἒ
102 695 532 769 antiquissima
559 692 770 767 gloria
821 690 1129 765 majorum
1159 689 1642 766 praefulgentes,
1680 696 1787 749 vix·
1817 693 2088 764 aequali-

11 825 12 836 *
98 775 290 822 tatem
315 764 504 819 tutari
526 769 753 834 potero.
810 769 1069 819 ceterum
1105 760 1410 835 indignus
1440 762 1540 816 his
1571 763 1725 832 ipsis
1751 781 1961 827 essem,
1998 764 2088 817 ni-

11 841 14 870 ῐ
98 838 153 892 si
189 852 264 890 ea
296 849 534 904 possem
576 831 858 887 amittere
884 841 997 907 pro
1029 830 1231 886 salute
1273 847 1350 886 ac
1383 829 1839 903 tranquillitate
1873 831 2088 898 illius,

97 922 139 962 a
172 921 290 978 quo
323 901 560 975 adcepi.

11 979 14 1064 Ξ
94 1031 121 1047 ‘
215 1013 452 1073 xxlx.
494 1010 676 1071 Haec
705 1009 1036 1093 Agrippae
1073 1009 1396 1074 sententia
1423 1008 1573 1071 fuit.
1618 1024 1680 1096 qt
1707 1014 2087 1095 Maecenas,
2147 1041 2229 1095 A,
2257 1039 2405 1095 Mas,

64 1094 468 1179 'postulante
513 1111 745 1154 vocem
778 1090 915 1171 ejus
953 1094 1267 1165 Caesare,
1329 1090 1503 1153 hunc
1539 1093 1606 1152 in
1655 1091 1909 1151 modum
1955 1091 2085 1153 dis·
2121 1129 2271 1162 cenas
2303 1112 2415 1164 ais·

11 1159 14 1172 Γ
101 1176 332 1237 seruit.
424 1181 502 1238 Si
530 1181 769 1256 quidem
800 1183 866 1237 in
902 1181 1171 1239 militari
1216 1180 1480 1240 consilio
1510 1185 1859 1255 quaesitum
1894 1192 2091 1259 esset,
2118 1180 2329 1235 suadet.
2398 1225 2405 1230 .
2484 1255 2499 1265 .

97 1265 347 1315 terrane
386 1278 468 1316 an
499 1277 637 1315 vero
670 1262 832 1317 mari
915 1261 1207 1318 erendum
1240 1260 1467 1319 bellum
1490 1298 1508 1327 ‚
1559 1262 1739 1333 idque
1775 1268 2094 1318 maturan-

96 1326 246 1382 dum
283 1347 365 1381 an
398 1327 769 1388 trahendum
789 1333 845 1386 ὑί
890 1330 1139 1386 eretur?
1176 1348 1337 1403 quae
1365 1330 1501 1387 loca
1531 1331 1786 1404 proeliis
1819 1332 2092 1401 aptiora.
2177 1357 2189 1390 ε

97 1407 252 1468 quae
280 1395 648 1466 praesidiis?
686 1398 791 1457 ubi
820 1399 1106 1467 ponenda
1146 1409 1384 1462 castra,
1427 1409 1535 1455 aut
1570 1398 1948 1457 conserenda
1983 1419 2094 1471 pu·

93 1482 269 1539 gna,
323 1474 429 1520 aut
473 1468 771 1539 quomodo
801 1467 1214 1528 'instruendae
1260 1469 1426 1525 acies
1453 1465 1719 1553 forent?
1760 1476 1911 1539 -post
1962 1477 2095 1528 tam

95 1536 366 1607 peritum
405 1536 609 1591 omnis
643 1538 914 1596 militiae
949 1539 1165 1595 ducem
1209 1546 1591 1595 sententiam
1624 1555 1828 1596 meam
1899 1557 2096 1593 rome-

96 1622 199 1666 re‚
269 1603 429 1660 mihi
468 1622 695 1676 quoque
741 1610 1013 1675 ineptum
1063 1615 1241 1679 atque
1284 1625 1719 1678 supervacuum
1768 1608 1825 1663 vi
1870 1614 2093 1662 eretur.

100 1673 316 1736 Nunc,
371 1672 617 1744 quando
666 1678 767 1734 his
806 1675 880 1736 de
929 1679 1199 1750 negotiis
1251 1675 1614 1734 deliberatio
1658 1682 1780 1738 est,
1837 1694 2095 1747 quorum

95 1758 215 1813 ego
243 1742 525 1798 omnibus
555 1745 693 1801 istis
723 1746 933 1810 annis,
969 1745 1185 1817 quibus
1220 1752 1284 1802 tu
1315 1765 1452 1802 cum
1495 1746 1782 1802 Caesaris
1815 1743 2100 1801 hostibus

92 1827 379 1882 pugnas,
437 1831 611 1868 usum
658 1812 923 1888 aliquem
971 1833 1342 1887 comparare
1386 1813 1780 1880 de!›ui,‘'non
1812 1812 2098 1882 verebor,

102 1878 265 1934 bona
304 1896 444 1934 cum
478 1899 633 1953 pace
672 1889 816 1950 tua,
871 1880 948 1937 ab
996 1883 1130 1948 his,
1189 1903 1347 1955 quae
1377 1882 1494 1950 tibi
1523 1884 1652 1940 visa
1695 1892 1868 1946 sunt,
1907 1880 2099 1939 disce-

93 1947 238 2003 dere
264 1985 280 2011 ,
360 1949 456 2028 M
520 1950 819 2024 Agrippa.
910 1952 1035 2008 Nec
1084 1951 1261 2009 aliud
1318 1971 1700 2026 magnopere
1739 1952 2095 2025 proferam,

89 2034 278 2088 quam
313 2035 487 2087 cuyus
517 2018 659 2090 ipsa
693 2041 792 2076 me
828 2022 1211 2093 experientia
1245 2021 1609 2087 admonuit,
1658 2020 1855 2076 multa
1887 2019 2092 2074 subin-

93 2085 171 2141 de
200 2091 577 2155 tentantem,
634 2090 933 2160 quomodo
965 2089 1285 2156 homines,
1336 2110 1449 2147 nec
1482 2090 1566 2146 ad
1604 2089 1957 2147 libertatem
1996 2089 2091 2143 in-

88 2162 334 2226 tegram
357 2191 376 2221 ,
415 2174 522 2213 nec
549 2155 634 2210 ad
658 2161 1005 2216 servitutem
1038 2162 1212 2227 nuti,
1251 2169 1634 2229 regerentur.
1707 2161 1847 2216 Non
1880 2167 2087 2213 autem

90 2231 330 2285 metuo.
387 2232 456 2279 ut
487 2226 649 2281 mita·
679 2226 786 2283 des
828 2227 1020 2285 libere
1059 2229 1347 2295 loquendi
1378 2232 1659 2293 veniam,
1709 2246 1895 2301 quam
1929 2234 2086 2280 uter-

88 2310 203 2422 zue
257 2293 386 2347 nisi
427 2294 605 2370 nobis
649 2314 689 2353 a
739 2298 1008 2357 Caesare
1038 2298 1502 2371 pollicerentur,
1552 2316 1744 2370 neque
1786 2306 1853 2352 tu
1903 2294 2085 2354 verba

137 2379 259 2418 unc
282 2363 354 2417 in
380 2363 629 2419 modum
650 2363 913 2438 fecisses
931 2402 952 2435 ,
992 2385 1182 2462 neque
1194 2367 1486 2442 facturus
1513 2385 1630 2442 ego
1660 2384 1872 2423 essem.

210 2467 422 2533 XXX.
470 2481 672 2541 Plane
707 2482 879 2542 locus
909 2482 1044 2551 ille,
1081 2484 1185 2556 qui
1213 2483 1332 2541 tibi
1361 2482 1632 2542 tuendus
1660 2489 1790 2549 est,
1830 2484 2081 2550 Caesar,
2145 2472 2435 2556 qussfurbl

80 2571 389 2625 praeceps
427 2560 518 2610 est
563 2560 624 2608 et
653 2551 954 2619 lubricus,
1008 2560 1065 2610 et
1110 2555 1301 2609 cuivis
1336 2555 1572 2624 impari
1584 2551 1849 2624 futurus
1902 2554 2078 2627 igno·
2111 2559 2213 2592 ’ΒΜ
2231 2558 2446 2626 πίνῃ·

78 2622 328 2679 miniae
360 2640 433 2700 ac
462 2623 644 2679 exitii
677 2642 904 2680 caussa
921 2642 941 2692 3
980 2640 1169 2708 neque
1189 2622 1604 2698 postulandus
1628 2625 1940 2693 cuiquam,
1980 2610 2144 2678 cuis
2139 2620 2303 2665 “⁰‘'ss
2326 2614 2401 2668 11·

81 2710 299 2747 secure
330 2687 553 2765 degere
585 2692 654 2747 in
704 2692 855 2750 bene
884 2699 1219 2749 constituta
1249 2689 1560 2763 republica
1600 2693 2076 2764 permitteretur.
2106 2680 2304 2738 ⁶¹7¹&-

83 2762 370 2817 Ceterum
411 2780 536 2817 non
577 2779 651 2815 ea
681 2771 827 2818 sunt
863 2760 1033 2817 urbis
1063 2769 1314 2820 nostrae
1338 2770 1615 2832 tempora
1635 2800 1653 2828 ,
1707 2767 1771 2814 ut
1798 2760 1915 2818 hoc
1951 2775 2077 2830 spe·

79 2848 232 2888 rare
266 2827 490 2885 liceat.-
546 2838 608 2884 et
641 2830 1157 2902 quemadmodum
1190 2833 1592 2903 parentibus,
1648 2832 1875 2901 quoties
1905 2830 2099 2887 senia'

79 2898 432 2968 desipiunt,
485 2903 833 2955 necessaria
861 2899 1052 2956 tutela
1093 2899 1424 2956 liberorum
1466 2908 1556 2957 est
1569 2918 1593 2968 3
1631 2903 1718 2954 sic
1748 2902 1938 2953 etiam
1969 2917 2074 2967 pa-

72 2970 207 3023 tria
247 2973 554 3024 vetustate
580 2968 838 3038 debilis,
885 2966 1159 3023 moribus
1189 2987 1419 3042 aegra,
1474 2965 1838 3025 tumultibus
1874 2967 2076 3026 bellis-

72 3056 198 3111 que
247 3033 534 3095 civilibus
579 3056 908 3103 concussa,
941 3036 1274 3093 ‘custodem
1326 3037 1678 3101 desiderat,
1735 3033 1913 3108 cujus
1965 3038 2076 3107 pin

69 3104 489 3180 prudentique
527 3124 672 3161 cura
709 3107 1111 3179 gubernetur.
1187 3107 1352 3162 Nam
1387 3123 1496 3175 ea,
1546 3120 1701 3176 quae
1732 3103 1807 3160 de
1835 3125 2070 3161 rerum·

68 3172 475 3245 publicarum
509 3173 687 3232 bonis
723 3176 1116 3250 M.·Agrippa
1150 3176 1488 3246 proposuit,
1524 3176 1591 3231 in
1620 3181 1830 3228 nostra
1863 3173 2072 3232 locum
2150 3171 2156 3186 ⁴

66 3245 380 3300 habitura
409 3262 533 3302 non
572 3246 881 3301 existimo.
951 3247 1050 3301 De
1085 3246 1265 3302 rebus
1305 3243 1770 3314 hominibusque
1804 3262 1928 3298 non
1973 3244 2095 3314 ig·-

64 3315 246 3370 notis
275 3310 604 3383 loquimur.
681 3316 935 3387 antiqua
964 3311 1082 3371 illa
1111 3311 1487 3386 magnitudo
1518 3313 1752 3372 animi,
1803 3313 2067 3381 integri·

62 3393 203 3446 tas,
265 3380 606 3446 modestia,
660 3382 812 3439 olim
845 3385 1079 3439 amissa
1113 3391 1293 3440 sunt:
1348 3403 1461 3453 pro
1503 3382 1863 3436 innocentia
1897 3380 2063 3453 prio·

63 3472 218 3509 rum
253 3458 599 3521 temporum
622 3485 639 3515 ‚
691 3473 803 3525 pro
838 3460 1233 3526 paupertate,
1285 3454 1587 3523 patientia
1621 3447 1889 3513 laboris,
1922 3445 2063 3517 frus

63 3518 393 3596 galitate,
434 3520 726 3586 ambitio,
766 3520 1053 3585 luxuria,
1094 3522 1435 3590 voluptates
1470 3517 1885 3575 invaluerunt.
1959 3517 2064 3576 lais
2128 3538 2138 3549 ·

58 3609 188 3660 pro
223 3606 289 3643 se
319 3590 562 3659 quisque
589 3591 877 3648 omnibus
902 3591 1128 3647 viribus
1155 3591 1331 3647 servit
1353 3624 1370 3654 ‚
1419 3589 1564 3645 dum
1598 3587 1755 3644 haec
1781 3583 1954 3642 salva
1981 3586 2062 3640 si·-

58 3660 132 3715 ὀί.
168 3666 511 3725 maneant,
550 3659 710 3716 nihil
741 3669 1062 3718 curaturus
1081 3694 1099 3726 ,
1137 3655 1428 3734 quidquid
1458 3655 1801 3730 respublica
1832 3653 2057 3709 durum

52 3727 533 3800 indignumque
554 3732 855 3802 patiatur.
893 3730 1093 3806 Neque
1112 3726 1537 3792 tantummodo
1554 3723 1710 3780 tales
1738 3725 1860 3795 ipsi
1877 3729 2054 3806 sunt5

54 3797 198 3858 ‚sed
231 3794 588 3853 melioribus
634 3796 965 3865 indociles,
1018 3806 1076 3853 et
1104 3799 1373 3869 optimae
1416 3798 1629 3867 cuique
1674 3798 2048 3859 sententme,

47 3870 120 3926 ,ςί
166 3866 333 3921 uires
375 3863 630 3931 dentur,
688 3867 1098 3934 adversaturi.
1172 3868 1247 3922 At
1291 3868 1405 3921 hoc
1443 3864 1697 3935 ingenio
1736 3863 1836 3933 qui
1872 3869 2053 3924 sunt,

53 3938 203 3993 nisi
236 3934 702 4005 prudentiorum
738 3937 1106 3992 auctoritate
1141 3939 1606 4012 contineantur,
1643 3948 1819 4001 seque
1841 3940 1897 3986 et
1936 3928 2054 3984 ali.

48 4017 132 4062 os
189 4001 476 4070 celeriter
515 3999 838 4061 maoeimas
883 4007 952 4061 in
995 4003 1394 4064 calamitates
1429 4002 1818 4078 conjecerim.
1886 3999 2053 4056 Haec

121 4181 295 4252 Gap.
329 4171 530 4236 xxix.
583 4135 902 4237 Tun-Hist-
939 4198 988 4250 ι,
1027 4180 1112 4241 ¹6.
1362 4249 1436 4323 U

1145 4269 1150 4274 Ἴ
1460 4263 1522 4321 u‘
1559 4272 1601 4321 Ξ
