2675 4642
1362 84 1387 108 l

587 221 715 309 678
783 222 1197 292 FREmsH.
1222 216 2080 288 SUPPLEMENTORUM
2105 218 2264 283 Lm.
2285 219 2544 284 XCIX.

272 433 343 495 0.
364 451 417 492 ο.
440 436 564 504 ¹⁷²3·
592 431 875 518 plurisne
905 439 1046 508 fiat
1089 433 1261 513 apud
1299 442 1361 491 te
1378 470 1416 509 ,‚
1453 432 1620 514 quqd
1651 433 1937 494 homines
1970 437 2264 511 imperiti
2297 444 2431 493 aut
2468 449 2618 491 ma·

257 506 327 564 A.
352 506 419 564 0·
440 523 532 575 ²9.
593 515 762 588 ligni
788 508 1213 587 judicabunt,
1248 523 1438 578 quam
1470 522 1652 576 cujus
1684 506 1819 580 ipse
1862 505 1988 563 tibi
2020 525 2087 563 es
2121 508 2451 578 conscius,
2499 523 2616 562 cu·

584 585 694 663 jus
744 587 936 639 testes
985 593 1098 634 nos
1147 571 1341 632 habes
1390 582 1457 630 et
1504 575 1707 641 alios,
1761 573 2176 632 consiliorum
2228 583 2534 653 tuorum·
2567 589 2611 627 a

591 650 905 727 principio
939 644 1284 721 participes
1309 646 1337 701 2
1392 640 1571 700 Certe
1604 645 1809 712 enim,
1862 646 1990 701 nisi
2008 643 2254 716 fuisset
2289 662 2331 699 a
2372 662 2612 716 conju·

567 715 753 778 'ratis
789 717 1033 774 occisus
1065 721 1248 783 pater
1283 720 1465 780 tuus,
1504 713 1750 790 nisique
1788 710 2083 788 deinceps
2106 711 2356 794 ,Lepidi
2395 720 2609 785 atque

590 788 852 849 Antonii
868 782 1111 857 fuisses
1145 783 1520 854 intemperie
1558 788 1844 854 coactus,
1884 791 2002 840 aut
2033 799 2386 857 numquam
2420 797 2605 838 sum·

587 861 819 932 psisses
853 867 1066 921 arma,
1116 859 1233 909 aut
1268 851 1589 912 maturius
1620 853 1963 924 posuisses·

252 969 535 1031 canam..
712 962 1011 1029 xxxvl.
1057 969 1171 1028 uis
1222 968 1438 1044 igitur·
1477 959 1888 1042 difficillimis
1931 969 2160 1037 belus,
2232 977 2302 1027 et
2335 934 2610 1026 'virtute

217 1041 565 1116 effidigniffl·
591 1045 1034 1118 industriaque
1084 1053 1200 1101 tua
1247 1061 1359 1111 per
1407 1047 1504 1099 tot
1550 1040 1921 1104 discrimina
1966 1065 2179 1104 rerum
2217 1046 2602 1108 eluctatus,

220 1131 358 1167 unum
384 1119 544 1187 impe-
594 1117 992 1177 aduersarios
1043 1122 1186 1170 tuos
1234 1129 1446 1169 omnes
1496 1116 1901 1186 oppressisti,
1956 1124 2198 1174 ceteros
2245 1111 2609 1171 audientes

214 1186 322 1238 ¹5⁰·
590 1189 761 1247 dicto
807 1183 1025 1241 babes.
1108 1179 1356 1258 Ecquid
1401 1180 1563 1237 satis
1612 1180 2034 1257 adproBatum
2083 1192 2212 1250 est,
2272 1202 2485 1239 unum
2536 1191 2603 1236 te

591 1275 724 1315 esse
761 1252 1206 1329 dignissimum
1227 1286 1245 1318 ,
1283 1269 1470 1318 penes
1505 1269 1689 1340 quem
1724 1252 2060 1330 imperium
2092 1251 2325 1327 populi
2348 1251 2597 1308 Roma-

589 1328 660 1384 ni
693 1321 813 1387 sit,
851 1320 1019 1396 quod
1052 1330 1118 1378 et
1158 1340 1197 1377 a
1232 1317 1438 1404 malis*
1459 1322 1735 1392 civibus,
1771 1329 1839 1380 et
1870 1343 1910 1382 a
1942 1322 2451 1397 pugnacissimis
2483 1311 2598 1402 Τιρ-

592 1394 795 1456 stibus
822 1409 1068 1447 summo
1094 1388 1364 1449 consilio
1396 1405 1767 1462 summaque
1799 1394 2159 1451 constantia
2186 1389 2549 1446 vindicasti
2567 1386 2598 1445 ’ἶ

594 1465 710 1521 Sin
757 1479 900 1518 vero
945 1460 1230 1516 Deorum
1276 1460 1490 1530 magis
1535 1480 1676 1516 eam
1728 1458 2052 1535 gloriain,
2114 1478 2305 1534 quam
2365 1466 2593 1521 tuam,

592 1549 725 1589 esse
759 1529 1048 1586 volumus
1060 1545 1094 1598 ,z
1120 1523 1273 1584 illos
1306 1528 1431 1585 tibi
1467 1538 1738 1598 mentem
1775 1530 1964 1588 illam
1993 1529 2351 1603 inspirasse.
2370 1545 2393 1594 3
2435 1525 2596 1584 illos

636 1598 1029 1663 rudentium,
1079 1599 1398 1664 animum,
1451 1597 1717 1673 denique
1742 1597 2082 1670 fortunam
2120 1595 2416 1660 dedisse,
2455 1594 2598 1667 qui-

589 1622 708 1729 ssus
742 1666 899 1723 haec
936 1672 1119 1723 tanta
1153 1664 1524 1737 perficeres:
1577 1686 1828 1741 ecquem
1865 1666 2314 1746 judicabimus
2347 1663 2592 1737 princia

589 1745 750 1816 patu
784 1733 1143 1809 digniorem
1165 1769 1184 1799 ,
1222 1753 1412 1809 quarn
1450 1736 1558 1794 cui
1589 1739 1760 1794 Deos
1798 1743 1932 1793 tam
1968 1753 2098 1793 esse
2174 1755 2248 1792 ro
2293 1736 2454 1791 itios
2473 1732 2586 1807 fa-

597 1813 926 1879 ventesque
978 1811 1075 1859 tot
1121 1802 1519 1863 documentis
1574 1805 1961 1876 compertum
2012 1755 2170 1865 est?
2230 1754 2452 1878 Reque
2501 1800 2589 1858 ad

593 1871 1105 1947 magnitudinem
1152 1873 1414 1945 imperii
1461 1876 1830 1948 eoepaverise
1896 1882 2081 1932 tanto
2121 1871 2275 1948 plus
2323 1892 2409 1930 ez·
2453 1887 2591 1930 sese

593 1939 717 2004 'tibi
768 1940 1176 2016 adjutorum,
1227 1941 1374 2013 plus
1419 1941 1648 2001 virium
1703 1963 2014 2016 opumque
2064 1939 2275 2000 dabit.
2364 1944 2569 2016 Neque

593 2031 789 2071 novus
822 2010 905 2069 ad
938 2005 1249 2081 ejusmodi
1275 2009 1626 2088 regendam
1658 2011 1893 2075 molem
1919 2012 2314 2087 adcingeris.
2356 2030 2393 2067 a
2422 2004 2581 2066 mul-

595 2085 680 2140 tis
711 2081 895 2136 annis
924 2071 1140 2136 urbem
1175 2077 1440 2137 Italiam
1487 2101 1562 2137 ue
1599 2101 1740 2139 cum
1769 2083 2072 2142 maximis
2097 2082 2439 2149 provinciis
2469 2078 2571 2134 ob·-

597 2150 880 2208 tinuisti:
918 2145 1145 2232 quibus
1173 2098 1561 2222 temporibus
1589 2152 1760 2208 inter
1784 2150 2022 2228 infesta
2053 2168 2130 2208 ac
2158 2151 2426 2207 turbata
2458 2167 2575 2204 om-

515 2221 520 2227 ’
593 2221 705 2280 nia
739 2216 883 2291 plus
915 2235 983 2273 in
1018 2214 1118 2272 his
1152 2218 1404 2275 tuendis
1442 2218 1679 2277 laboris
1716 2238 1790 2276 ac
1827 2238 2126 2276 curarum
2149 2218 2331 2293 fuit,
2391 2233 2571 2291 quam

597 2301 729 2346 esse
761 2287 961 2359 possit
994 2281 1064 2341 in
1098 2286 1386 2344 universo
1427 2286 1849 2366 gubernando
1890 2290 2195 2360 imperia,
2245 2297 2581 2363 postquam

594 2373 857 2413 munere
899 2354 1143 2421 Deum,
1202 2374 1277 2412 ac
1323 2357 1554 2413 virtute
1605 2366 1759 2426 tua,
1817 2365 2024 2416 terras
2060 2356 2425 2431 aliquando
2462 2372 2585 2426 pax

596 2422 848 2482 tamdiu
895 2417 1261 2484 desiderata
1298 2426 1599 2499 respexit.
1687 2425 1885 2501 Atque
1922 2433 1998 2481 ut
2024 2427 2155 2482 ista
2192 2444 2321 2482 non
2356 2443 2469 2482 mc
2500 2423 2586 2480 di·

215 2528 243 2564 0
596 2511 734 2550 cere
771 2489 1013 2566 magis,
1052 2510 1243 2565 quam
1280 2490 1748 2568 demonstrare,
1783 2502 2086 2569 paratum
2122 2502 2344 2564 putes,
2389 2513 2475 2549 en
2507 2500 2588 2548 et-

595 2565 728 2618 iam
778 2577 890 2630 per
936 2568 1152 2630 partes
1197 2563 1581 2635 praecipuas
1629 2580 1967 2635 exsequar,
2024 2581 2147 2637 qua
2182 2563 2589 2637 potissimum

595 2633 845 2686 ratione
896 2625 1171 2701 singula.
1207 2628 1297 2686 sic
1349 2632 1740 2700 constituas,
1805 2640 1881 2688 ut
1931 2630 2286 2701 adpareat,
2347 2631 2586 2696 virum,

595 2699 807 2770 qualis
845 2705 917 2754 tu
955 2714 1052 2763 es,
1098 2698 1263 2753 citra
1296 2702 1618 2755 maximas
1656 2695 2083 2775 difficultates
2115 2701 2471 2774 imperium
2500 2716 2588 2755 re·

598 2775 695 2828 cte
733 2785 807 2823 ac
842 2760 1193 2824 salubriter
1228 2764 1681 2827 administrare
1712 2787 1917 2843 posse.

246 2893 429 2963 Docet,
450 2911 573 2965 quo-
716 2871 1041 2941 XXXVII.
1087 2883 1302 2961 Igitur
1330 2894 1478 2946 ante
1512 2888 1725 2947 omnia
1754 2894 2048 2945 senatum
2081 2885 2206 2946 tibi
2233 2907 2587 2966 repurgan·
2672 2895 2673 2908 ¹

201 2968 370 3036 ,modo
389 2970 570 3032 consti·
598 2955 745 3016 dum
796 2973 925 3015 esse
978 2975 1294 3024 censeam,
1354 2966 1543 3033 atque
1580 2956 1976 3015 eliminanda
2015 2955 2587 3015 dehonestamenta

225 3036 450 3087 tuendus
477 3037 552 3088 sit
594 3030 718 3087 illa
766 3029 1015 3095 curiae,
1074 3044 1235 3099 quae
1281 3029 1679 3094 superiorum
1733 3044 2041 3082 annorum
2093 3026 2589 3084 calamitatibus

221 3114 458 3158 senatus.
594 3101 1008 3170 irrepserunt.
1102 3095 1423 3170 Quotquot
1474 3104 1688 3153 autem
1746 3094 1936 3177 bonos
1990 3096 2154 3151 viros
2205 3092 2588 3170 idoneosque

596 3167 936 3241 repereris,
990 3182 1208 3221 eorum
1260 3179 1336 3217 ne
1386 3179 1566 3234 quem
1612 3170 1867 3238 propter
1910 3165 2190 3234 inopiam
2228 3175 2589 3221 removeret

594 3237 902 3309 pecunias
933 3231 1145 3306 potius
1176 3231 1279 3288 lar
1327 3233 1483 3301 itor,
1522 3240 1592 3288 ut
1624 3234 2015 3290 senatorium
2044 3251 2303 3289 censum
2329 3223 2587 3290 habeat.

597 3305 674 3363 In
720 3303 1016 3360 vacantia
1066 3319 1210 3357 uero
1288 3322 1402 3357 oca
1452 3301 1759 3372 optimum
1806 3320 2107 3374 quemque
2152 3319 2228 3356 ac
2266 3303 2590 3359 nobilissi-

597 3390 793 3442 mum,
829 3390 956 3428 non
992 3387 1073 3427 ex
1106 3369 1259 3428 urhe
1298 3379 1547 3428 tantum
1585 3377 1701 3424 aut
1735 3369 1955 3436 Italia,
1993 3369 2104 3425 sed
2139 3371 2344 3426 etiam
2387 3391 2423 3428 e
2458 3390 2589 3446 pro·
2668 3417 2669 3420 ,

601 3443 851 3505 vinciis,
892 3439 1087 3518 leges·
1142 3441 1233 3496 sic
1272 3442 1439 3495 enim
1475 3437 1889 3512 paucioribus
1929 3447 2114 3494 extra
2154 3439 2456 3496 ordinem
2488 3438 2590 3495 ad·

589 3505 918 3586 jutoribus
952 3506 1202 3582 egebis,
1261 3516 1326 3563 et
1373 3512 1652 3563 omnium
1726 3525 1890 3563 erme
1926 3507 2223 3582 gentium
2257 3510 2589 3583 praestan·

599 3580 876 3636 tissimos
926 3578 1089 3633 viros
1138 3579 1207 3633 in
1256 3595 1380 3632 uno
1432 3577 1604 3632 uelut
1648 3584 1674 3631 t
1720 3583 1900 3632 eatro
1946 3577 2254 3647 repositos
2301 3577 2591 3633 habebis.

596 3645 801 3704 Iidem
839 3655 1164 3721 tamquam
1177 3644 1347 3710 fidei
1375 3644 1781 3717 popularium
1819 3644 2068 3712 obsides
2097 3655 2284 3702 erunt
2305 3667 2326 3701 .-
2365 3666 2588 3720 neque,

599 3715 700 3772 his
734 3717 1000 3783 amotiS,
1039 3716 1328 3770 civitates
1365 3733 1579 3771 eorum
1600 3713 1813 3786 facile'
1842 3732 1943 3770 res
1972 3732 2168 3770 novas
2200 3715 2591 3789 agitabunt:

601 3792 666 3839 et
697 3803 917 3841 earum
947 3785 1259 3855 principes
1279 3818 1295 3847 ‚
1335 3790 1660 3851 tamquam
1691 3783 2155 3839 communicata
2190 3802 2336 3839 cum
2371 3781 2480 3840 his
2506 3801 2593 3838 re-

598 3849 881 3926 publica,
913 3851 1261 3926 praecipua
1296 3858 1358 3908 te
1372 3850 1516 3919 fide
1548 3870 1621 3908 ac
1650 3850 2086 3909 benevolentia
2104 3860 2586 3926 prosequentur.

266 3963 481 4048 Eeordo
507 3982 559 4018 e·
719 3961 1076 4026 XXXVIII.
1135 3971 1311 4034 Idem
1360 3976 1429 4031 in
1474 3976 1793 4050 equitibus
1822 3971 2215 4049 faciundum
2259 3995 2449 4045 reor,
2501 3982 2585 4044 ut,

226 4038 472 4102 qu‘strts·
599 4037 909 4115 quidquid
942 4044 1169 4118 ubique
1200 4062 1469 4118 genere,
1511 4046 1777 4108 virtute,
1818 4064 1892 4100 ac
1927 4046 2182 4114 opibus,
2219 4044 2447 4118 gradu
2475 4047 2586 4102 isto

600 4113 864 4186 dignum
900 4113 1238 4185 repereris,
1272 4114 1569 4185 recipias.
1639 4118 1858 4191 Neque
1890 4125 2221 4172 numerum
2252 4115 2586 4193 utrobique
