2675 4642
447 226 543 291 m
587 223 901 292 Locum
943 179 1662 293 Lm.'cx1v.1.1v11.
1837 239 1854 252 =
1961 224 2076 308 173

82 439 190 500 bus
235 437 606 522 scopisque
646 438 972 499 contextis
1017 449 1364 521 utcumque
1404 456 1475 496 se
1513 435 1842 520 tegebant.
1937 436 2073 500 Sed
2134 443 2204 499 U.
2239 461 2291 501 e.
2321 446 2449 514 706.

84 522 336 583 circiter
381 519 748 580 secundam
790 520 1074 600 vigiliam
1115 533 1382 581 exortus
1418 537 1563 578 cum
1600 519 1916 603 grandine
1952 521 2072 581 im·
2131 514 2206 570 Α·
2238 515 2309 572 C·
2343 520 2435 585 4⁶·

85 604 188 664 her
223 602 523 664 tentoria
564 602 772 660 nimio
808 602 1103 683 pondere
1140 603 1349 685 rupit,
1396 593 1502 670 ut,
1547 600 1871 662 exstinctis
1900 600 2074 685 igni,

89 686 223 757 bus,
282 681 689 765 intempesta
732 695 928 744 noete
972 684 1212 743 milites
1252 701 1376 767 per
1413 678 1609 743 castra
1648 697 2077 765 vagarentur,

3 808 4 815 κ
98 766 230 827 nihil
269 765 614 826 habentes
652 777 920 848 praeter
957 779 1172 838 scuta,
1234 763 1474 847 quibus
1519 764 1726 848 capita
1766 778 1959 827 conte
2009 784 2079 826 e-

3 850 6 928 ‡
98 864 233 910 rent.
314 847 589 908 Eadem
623 859 819 908 noete
852 846 1137 929 pilorum
1169 850 1432 929 quintae
1465 847 1746 930 legionis
1770 848 1955 930 cuspi
2006 866 2079 909 es

94 930 307 991 ardere·
344 931 573 992 visae.

188 1037 430 1100 XXIV.
490 1034 728 1118 Scipio
757 1033 932 1095 inter
955 1032 1119 1096 haec
1145 1033 1367 1097 multis
1390 1037 1646 1100 nunciis
1664 1037 1890 1101 Jubam
1923 1051 2077 1099 evo·
2140 1052 2299 1121 δή.
2320 1052 2437 1109 sci.

90 1120 279 1191 cabat‚
325 1131 919 1199 cunctantemque,
966 1118 1144 1178 omni
1179 1120 1481 1199 promiss'a
1511 1120 1758 1193 Africa,
1850 1142 1926 1180 ua
1948 1121 2080 1180 Ro·
2103 1126 2459 1196 pionisecon-

89 1204 231 1262 mani
265 1200 446 1280 juris
480 1201 682 1270 efflet,
746 1199 1073 1293 permovit
1110 1200 1365 1260 tandem
1387 1243 1403 1273 ,
1465 1217 1535 1264 ut
1564 1221 1707 1264 cum
1739 1202 1826 1263 tri
1924 1221 1952 1263 s
1987 1202 2080 1263 le·
2103 1197 2315 1264 5⁸⁸8&-
2465 1191 2488 1204 ’

94 1284 376 1366 gionibus
405 1326 425 1354 ,
500 1295 572 1342 et
621 1280 951 1363 equitibus
993 1279 1270 1342 frenatis
1313 1282 1782 1365 octingentis‚'
1819 1303 2084 1367 magno-

96 1387 197 1448 que
231 1362 679 1427 Numidarum
728 1362 1014 1444 equitum
1064 1377 1129 1424 et
1164 1363 1331 1423 levis
1373 1380 1731 1427 armaturae
1771 1384 2081 1437 numero,

96 1467 152 1507 ac
176 1447 444 1529 triginta
474 1442 878 1527 elephantis,
923 1464 1129 1526 regno
1162 1446 1615 1526 egrederetur,
1664 1447 1908 1509 Sabura
1939 1467 2085 1510 cum

3 1531 6 1576 l
131 1543 246 1590 arte
299 1527 661 1590 exercitus
710 1537 935 1586 contra
969 1526 1204 1587 Sitium
1248 1528 1522 1604 relicto;
1584 1529 1696 1612 qui
1733 1550 1941 1612 nuper
1980 1547 2086 1590 ca·

94 1551 309 1671 bellum
367 1608 567 1670 omni
621 1627 844 1668 rerum
898 1608 1084 1690 eopia
1127 1609 1423 1691 locuples
1471 1610 1552 1671 de
1597 1632 1756 1694 rege
1797 1624 2082 1694 ceperat.

98 1693 226 1772 Ejus
272 1691 582 1752 adventu
624 1689 863 1749 Caesar
904 1689 1166 1751 consilii
1212 1692 1311 1750 sui
1358 1693 1621 1774 plenum
1661 1697 1944 1756 fructum
1987 1706 2088 1753 tu·

100 1774 178 1834 lit.
217 1796 413 1857 quum
463 1772 651 1833 enim
694 1769 863 1830 haud
901 1773 1131 1854 procul
1174 1772 1507 1856 Scipionis
1548 1773 1769 1837 castris
1807 1774 2089 1844 seorsim

107 1856 513 1926 consediss'et,
585 1852 782 1914 simul
826 1872 903 1912 ex
946 1852 1324 1937 propinquo
1374 1856 1553 1917 vires
1596 1857 1735 1937 ejus
1773 1854 2089 1940 cognosci

3 1961 6 2026 5
105 1952 363 2020 potuere,
412 1950 650 1998 metus
674 1934 1079 2022 Julianorum
1105 1956 1340 2014 versus
1370 1937 1439 2028 in
1468 1953 1902 2022 contemptum
1935 1935 2043 1999 est.

204 2045 393 2110 XXV.
456 2041 773 2125 Scipioni
811 2054 1024 2101 tamen
1068 2042 1279 2112 crevit
1319 2044 1609 2117 animus,
1666 2057 1738 2106 ut
1771 2042 2086 2118 instruere
2142 2058 2395 2113 caesaris

125 2128 461 2197 exercitum,
523 2137 600 2184 et
634 2122 853 2206 paullo
891 2122 1148 2206 longius
1186 2146 1219 2183 a
1257 2126 1393 2186 suis
1432 2125 1900 2188 munitionibus
1930 2146 2084 2209 pro·
2106 2143 2374 2199 prospera

124 2206 275 2289 gredi
297 2207 612 2286 auderet.
690 2206 776 2265 At
798 2205 1056 2277 Caesar,
1100 2226 1233 2266 non
1264 2207 1430 2268 facta
1508 2206 1770 2269 otessate
1798 2228 2085 2292 pugnan-
2108 2197 2340 2269 970‘113'·

119 2289 204 2358 di,
242 2303 428 2372 opera
475 2310 611 2364 sua!
634 2287 1093 2370 promovebat,
1140 2286 1385 2361 donec,
1432 2231 1511 2351 ab
1550 2289 1946 2352 adversariis
1979 2309 2094 2352 oc·

112 2385 303 2455 cupato
335 2371 674 2455 proximo
712 2369 903 2438 colle,
951 2389 1232 2452 pergere
1264 2372 1749 2454 prohiberetur.
1800 2371 1930 2433 Sed
1955 2373 2094 2434 col-

6 2443 9 2540 ᾗ
109 2452 174 2513 lis
200 2453 253 2514 vi
284 2467 621 2536 receptus
655 2448 776 2521 est,
822 2448 1080 2518 decuss'o
1110 2452 1382 2514 Labieni
1420 2455 1791 2538 praesidio,
1840 2470 1904 2516 et
1941 2454 2098 2514 irri-

6 2545 9 2608 ξ
107 2536 198 2607 tis,
239 2556 402 2617 quas
445 2545 808 2618 posuerat,
869 2532 1165 2605 insidiis,⁴
1260 2536 1401 2608 uia,
1447 2538 1824 2621 priusquam
1861 2539 2100 2600 Caesar

6 2635 7 2670 ι
108 2618 472 2689 accederet,
522 2636 609 2676 ex
644 2614 812 2676 locis
851 2613 1124 2675 occultis
1154 2618 1241 2676 La
1292 2619 1426 2678 ieni
1460 2619 1702 2680 milites
1738 2632 1913 2680 metu
1941 2636 2100 2702 pro·
2139 2685 2152 2706 Ι

106 2698 408 2781 fugerant.
491 2703 649 2782 Ipse
687 2697 797 2758 vix
836 2716 977 2758 cum
1017 2711 1201 2778 parte
1240 2700 1530 2782 equitum
1574 2693 1802 2762 evasit.
1885 2699 2100 2795 Quum

107 2780 319 2842 deinde
346 2800 566 2864 opera
595 2778 1007 2840 continuaret
1026 2782 1293 2848 Caesar,
1345 2780 1424 2842 ad
1452 2781 1936 2867 impediendum
1959 2795 2099 2841 'om-

103 2863 188 2924 nis
215 2863 764 2926 adversariorum
800 2861 1124 2944 equitatus
1161 2876 1226 2922 et
1260 2863 1499 2925 leviter
1531 2865 1756 2925 armati
1789 2884 2100 2947 praecur-
2401 2859 2424 2896 s

104 2959 311 3006 rerunt
366 2945 501 3006 sub
563 2955 944 3025 vesperam,
1013 2942 1455 3027 deductasque
1489 2945 1579 3005 ab
1627 2964 1829 3030 opere
1875 2944 2099 3029 copias
2147 2981 2153 2992 ·

6 3045 7 3050 ’
108 3027 386 3088 Caesaris
436 3024 893 3108 impetierunt.
980 3027 1062 3085 Et
1106 3027 1460 3109 equitatum
1506 3028 1767 3112 quidem
1809 3028 2101 3092 multitu·-

6 3109 9 3166 ὲ
110 3106 238 3170 dine
274 3131 393 3170 sna
440 3110 920 3168 submoverunt
955 3107 1301 3169 celeriter:
1366 3108 1517 3181 sed,
1575 3108 1725 3182 ubi,
1775 3127 2098 3180 converso

113 3190 322 3252 itinere
347 3234 366 3265 ‚
441 3195 690 3251 Caesar
728 3207 871 3247 cum
912 3186 1294 3250 cohortibus
1335 3190 1581 3264 adfuit,
1640 3191 1896 3273 equites
1941 3209 2099 3251 con·

118 3268 322 3335 {innati
367 3271 774 3354 repulerunt
808 3270 981 3332 inter
1017 3272 1419 3353 sequendum
1460 3292 1723 3357 sparsos
1763 3272 2093 3341 Numidas,

121 3356 457 3438 multisque
518 3350 893 3413 interfectis
952 3371 1067 3412 eos
1122 3351 1496 3429 rejecerunt
1538 3356 1604 3415 in
1651 3351 1845 3414 castra
1891 3354 2094 3435 regis.

115 3455 188 3495 ne
222 3457 463 3497 omnes
505 3434 962 3495 internecione
1011 3432 1425 3508 delerentur,
1491 3449 1556 3497 et
1601 3437 1745 3520 ipse
1791 3454 1910 3497 rex
1954 3454 2100 3495 cum

6 3491 13 3772 ἱ
110 3517 386 3580 Labieno
436 3516 790 3578 deveniret
833 3515 900 3576 in
942 3512 1318 3599 potestatem
1364 3519 1953 3590 Caesaris‚·nocte
2000 3516 2101 3575 in-

112 3614 414 3680 gruente,
468 3612 538 3659 et
578 3612 903 3658 commoto
944 3598 1118 3658 venti
1158 3598 1563 3661 vehementia
1592 3600 1902 3683 pulvere,
1947 3618 2102 3684 pro-

113 3696 393 3764 spectum
444 3675 616 3749 hosti
664 3679 1132 3752 adimentibus,
1182 3681 1397 3764 erepti
1435 3696 1606 3744 sunt.

214 3788 458 3848 XXVI.
504 3789 768 3845 Interea
802 3809 994 3883 quum
1023 3788 1260 3850 Caesar
1291 3807 1414 3870 per
1445 3788 1770 3873 colloquia
1802 3787 2102 3860 militum,
2148 3796 2469 3852 Adcomm-

8 3847 9 3910 ἶ
114 3858 631 3954 spargendis‘que
670 3868 909 3943 literis,
953 3869 1324 3962 libertatem
1354 3881 1546 3953 atque
1577 3893 1686 3933 res
1724 3892 1869 3931 suas
1893 3868 2102 3944 Afris,
2126 3864 2496 4005 λαζῑὲῗίΐὲἕὲ,

8 4009 11 4192 h
173 4059 311 4135 Cap.
343 4061 568 4116 XXIV.
622 4058 771 4114 Dio.
831 4056 1000 4116 Auct.
1052 4056 1125 4115 de
1164 4060 1236 4117 Β.
1272 4057 1464 4115 Afric.
1553 4056 1699 4134 Cap.
1734 4058 1930 4120 XXV.
1968 4055 2107 4134 Dio.

121 4126 271 4190 duct.
307 4130 383 4189 de
414 4134 495 4198 B.
520 4127 728 4198 Afric.
766 4142 783 4152 ’
