2675 4642
549 282 641 345 m
680 277 989 387 meon
1026 279 1198 351 mn.v
1241 276 1440 346 cxv.
1483 277 1714 343 mvn.
2022 275 2141 358 195
2200 232 2203 241 ’

124 514 233 577 qua
262 512 382 556 nna
410 494 474 551 in
510 510 572 550 re
606 510 688 548 me
704 489 906 571 fateor
940 484 1042 567 effe
1073 491 1615 568 intemperantiorem
1635 486 1665 545 ?
1711 490 1947 555 Annon
1969 528 1987 562 ‚
2042 493 2137 570 qui
2193 485 2268 544 U.
2299 506 2355 542 c.
2380 487 2507 558 7⁰6.

127 598 184 638 et
217 575 388 657 diligi
424 593 457 631 a
492 570 860 654 praesentibus
884 609 905 641 ‚
960 589 1017 628 et
1055 570 1278 629 laudari
1323 589 1359 627 a
1397 568 1627 648 posteris
1670 569 1818 630 volet
1838 612 1856 643 ,
1920 587 2135 651 operam
2191 560 2265 614 Α·
2294 557 2361 615 G·
2388 564 2480 627 4⁶·

123 658 302 730 cidit,
351 677 421 716 ut
463 660 537 714 iis
564 657 745 734 factis
780 649 1128 733 moribusque
1144 651 1392 730 studeat,
1432 665 1537 730 per
1563 671 1700 732 quae
1732 652 1832 730 ista
1868 671 1978 711 tam
2003 651 2133 735 pul.

131 741 255 802 ebra
307 757 482 819 atque
533 733 912 816 desiderabilia
959 754 1118 814 quam
1168 729 1457 810 certiffime
1502 751 1560 792 et
1599 750 1985 816 comparantur
2001 776 2019 810 ,
2082 753 2140 795 et

135 826 454 883 retinentur
472 820 503 878 ἓ
1069 842 1076 857 ¹

245 928 398 995 v11.·
463 924 665 1005 Neque
701 918 827 983 haec
857 942 892 983 a
924 940 1006 983 me
1026 918 1170 1006 fingi
1187 960 1206 998 ,
1256 918 1429 1003 fldem
1474 918 1630 984 vobis
1680 925 1987 1004 praeterita
2031 944 2139 985 non
2195 938 2458 997 prum„

133 1012 301 1071 ninus
322 1050 344 1083 ,
396 1027 562 1088 quam
597 1004 899 1086 praesentia
918 1049 937 1080 ,
971 1005 1216 1087 facient.
1303 1002 1475 1067 Nihil
1519 1005 1777 1085 loquutus
1804 1006 1952 1087 sum,
1996 1007 2140 1088 quod
2162 1014 2236 1066 ad
2249 1015 2516 1083 experien-

130 1113 234 1152 non
265 1110 412 1173 prae
452 1109 538 1147 me
573 1087 797 1146 tulerim
832 1105 1125 1169 perpetuo:
1190 1106 1286 1160 et,
1331 1084 1394 1163 [ι
1426 1092 1669 1169 potentia
1717 1089 1968 1169 mutaffet
2014 1092 2136 1148 ani-
2168 1086 2326 1137 “³¹¹⁸-

129 1194 270 1235 usum
291 1215 313 1248 ‚
363 1191 520 1232 rtunc
556 1172 787 1228 maxime
828 1166 1038 1250 ternpus
1076 1188 1198 1230 erat
1232 1168 1594 1228 declarandae
1631 1169 1957 1244 voluntatis,
1997 1171 2146 1252 post·

124 1275 282 1340 quam
299 1295 318 1330 ‚
366 1253 575 1314 deletis
608 1270 716 1310 non
750 1250 1010 1332 partibus
1040 1251 1235 1326 modo,
1268 1249 1375 1332 fid
1406 1254 1569 1310 etiam
1602 1251 1854 1332 reliquiis
1877 1257 2142 1335 partium,

117 1336 294 1423 sospes
332 1334 736 1413 incolumisque
765 1334 833 1392 ‘et
870 1336 1131 1393 victoriae
1164 1349 1372 1412 compos
1407 1334 1573 1394 redii.
1643 1334 1763 1395 Sed
1776 1337 1937 1415 prius
1969 1337 2148 1394 omnia

121 1425 184 1481 'in
213 1440 297 1479 me
341 1420 558 1501 gravia
596 1434 761 1509 atque
796 1415 986 1475 acerba
1023 1432 1286 1495 expetant
1305 1455 1323 1487 ‚
1390 1435 1549 1497 qnam
1591 1414 1729 1476 hunc
1763 1416 1986 1476 induam
2023 1421 2151 1478 ani-

123 1520 284 1576 mun,
331 1518 406 1560 ut
438 1516 720 1574 tyrannus
748 1501 970 1577 patriae
1004 1517 1060 1556 et
1097 1502 1320 1571 civium,
1368 1517 1530 1578 quam
1570 1517 1753 1558 rector
1789 1517 1951 1580 atque
1985 1504 2149 1580 prin-

130 1601 276 1663 aps,
323 1583 538 1641 audire
574 1576 780 1638 malim.
872 1577 1208 1662 Consulatus
1245 1602 1301 1640 et
1341 1581 1688 1653 dictaturas,
1732 1600 1866 1660 quas
1900 1580 2146 1661 dedistis,

129 1668 199 1727 ad
224 1664 471 1748 salutem
509 1660 785 1721 hominum
810 1702 832 1735 ,
886 1681 994 1722 non
1020 1662 1096 1721 ad
1122 1666 1413 1743 perniciem
1430 1703 1450 1737 ‚
1494 1661 1679 1724 valere
1705 1661 1849 1722 volo.

2472 722 2477 747 ἱ

2548 904 2559 929 l

246 1794 430 1864 VIII.
478 1792 679 1874 Hujus
708 1793 1088 1872 destinationis
1106 1794 1377 1877 spondere
1397 1791 1567 1875 fidem
1590 1810 1857 1881 perpetua
1883 1816 1998 1856 mea
2019 1813 2148 1857 con-

127 1878 354 1962 suetudo
402 1875 592 1937 debet.
676 1876 804 1961 Qui
853 1881 994 1937 enim
1042 1877 1264 1939 credere
1302 1881 1563 1959 poteritis
1583 1918 1625 1957 ⁹⁷
1659 1876 1966 1958 periculum
1999 1899 2034 1936 a
2066 1899 2148 1938 me

135 1965 373 2040 cuiquam
414 1962 701 2018 innocenti
724 1959 860 2040 fore
879 1999 897 2033 ‚
949 1979 1103 2039 quem
1146 1961 1302 2023 scitis
1342 1960 1553 2020 veniam
1595 1957 2035 2041 dedistefimper
2051 2002 2069 2034 ‚
2113 1979 2148 2018 a

141 2042 319 2123 quibus
351 2034 698 2122 infesttffime
709 2040 940 2123 fueram
968 2059 1338 2125 oppugnatum
1384 2036 1664 2103 nonnullis
1685 2062 1740 2099 et
1759 2042 2007 2102 iterato?
2046 2060 2147 2102 aut

147 2123 385 2206 quomodo
417 2120 736 2203 indulgebit
752 2120 1144 2203 suspicionibus
1165 2164 1183 2196 ‚
1228 2128 1323 2203 qui
1353 2142 1604 2205 repertas
1630 2123 1777 2204 apud
1800 2124 2143 2205 Pompey'um,
2202 2141 2478 2197 yonam,-

147 2205 286 2285 apud
311 2205 614 2284 Scipionem
643 2203 841 2265 literas
869 2204 1225 2286 introspicere
1257 2204 1439 2266 noluit
1456 2248 1474 2279 ,
1519 2225 1574 2267 et
1601 2210 1660 2266 in
1691 2209 1866 2286 ignem
1894 2207 2141 2282 conjecit,
2170 2213 2243 2265 aa
2278 2215 2490 2267 benevo-

139 2307 241 2360 ut,
296 2306 422 2368 qnos
452 2305 491 2342 a
523 2302 701 2365 poena
750 2286 851 2346 'am
891 2283 1199 2365 absolverat
1223 2328 1243 2361 ,
1302 2289 1466 2347 etiam
1501 2308 1534 2347 a
1570 2307 1715 2347 metu
1755 2290 1902 2349 omni
1940 2286 2143 2348 libera·
2171 2282 2386 2334 tentiam
2402 2297 2510 2336 ”¹¹⁴-

135 2369 275 2430 ret?
336 2369 539 2449 Igitur
559 2408 576 2440 ,
634 2307 808 2449 posiJ‘ta
835 2362 1008 2450 Jemel
1038 2389 1207 2443 cura,
1274 2388 1329 2429 et
1372 2374 1805 2453 praeteritorum
1851 2368 2146 2431 obliterata
2171 2361 2342 2406 ‘’¹¹¹⁸'‘

130 2455 384 2510 memoria
406 2490 427 2522 ,
473 2448 755 2530 tamquam
796 2470 981 2510 recens
1012 2456 1073 2512 in
1104 2450 1346 2532 ejusdem
1375 2450 1702 2535 reipublicae
1714 2452 2026 2533 societatem
2049 2474 2148 2512 ve-

131 2531 388 2612 mffemus
408 2572 428 2603 ,
496 2528 781 2591 benevolos
822 2535 1120 2614 amicosque
1165 2532 1486 2614 adferamus
1530 2539 1737 2596 animos
1758 2575 1776 2608 ,
1842 2553 1908 2595 ut
1955 2553 2010 2593 et
2050 2555 2146 2594 vos

131 2632 377 2674 meorum
430 2610 685 2672 laborum
714 2613 974 2697 fructum
1013 2618 1329 2701 percipiatis
1347 2655 1365 2689 ,
1422 2634 1709 2697 paternam
1751 2614 1913 2676 rebus
1953 2615 2148 2693 vestris

129 2695 448 2756 adhibituri
481 2713 674 2755 curam
692 2736 711 2770 ‚
772 2715 828 2755 et
879 2717 975 2779 ego
1026 2696 1208 2773 vestra
1249 2697 1650 2779 prosperitate,
1713 2717 1985 2780 tamquam
2017 2697 2147 2759 boni

125 2794 393 2859 parentes
438 2775 747 2836 liberorum
774 2775 1032 2860 secundis
1072 2777 1235 2840 rebus
1256 2819 1276 2853 ‚
1319 2781 1608 2863 gaudeam.

255 2907 375 2972 11.
423 2910 567 2971 Sane
601 2906 741 2969 nihil
779 2927 893 2968 tam
930 2912 993 2970 in
1031 2912 1177 2971 votis
1212 2909 1396 2986 habeo,
1444 2930 1606 2994 quam
1644 2911 1731 2973 nti
1764 2931 1942 2974 omnes
1976 2930 2011 2971 a
2040 2909 2141 2972 de-

123 2993 285 3057 lictis
318 2991 680 3071 temperando
711 2989 993 3053 lenitatem
1023 3014 1192 3053 meam
1211 2990 1322 3075 fibi
1349 2997 1631 3075 propriam
1650 3014 1810 3077 atque
1824 3012 2142 3075 perpetuam

121 3075 239 3158 effe
269 3076 613 3156 patiantur:
657 3070 720 3149 fi
753 3091 933 3133 tamen
975 3074 1191 3157 aliquid
1215 3077 1380 3158 forte
1413 3095 1685 3157 peccatum
1720 3082 1831 3139 erit
1844 3118 1864 3150 ‚
1906 3076 2143 3136 homines

131 3180 235 3220 nos
274 3154 383 3237 effe
421 3158 734 3214 meminero.
837 3155 917 3215 Et
954 3162 1160 3218 virtuti
1200 3161 1418 3240 quidem
1456 3175 1699 3237 recteque
1723 3160 1903 3240 factis
1925 3156 2042 3238 sem
2079 3174 2141 3216 er

129 3258 304 3301 erant
340 3235 498 3318 apud
532 3256 615 3295 me
645 3252 844 3317 parata
875 3243 1116 3319 praemia
1134 3262 1153 3300 .-
1195 3261 1449 3302 errantes
1467 3282 1484 3316 ,
1527 3260 1687 3320 quam
1731 3240 1994 3321 mansueti
2034 3258 2140 3299 ime

137 3326 347 3404 poterit
366 3358 387 3393 ‚
455 3317 532 3378 ad
575 3318 807 3402 offi'cium
844 3320 1264 3385 revocabuntur.
1365 3323 1559 3404 Neque
1617 3325 1819 3384 milites
1870 3343 2011 3382 meos
2058 3324 2135 3381 ti-
2196 3312 2273 3368 E‘
2287 3313 2491 3399 Μῖῖῖθςξ

137 3407 420 3463 meritis.
503 3405 794 3460 communis
840 3402 970 3463 mihi
1020 3422 1183 3486 atque
1229 3403 1382 3465 vobis
1424 3407 1646 3483 imperii
1688 3402 1928 3483 custodes
1955 3397 2094 3485 fiant
2114 3445 2132 3474 ‚
2160 3401 2285 3436 '¹¹⁰⁸
2301 3394 2485 3439 ‘'⁸⁸³'‘

129 3484 436 3566 alendique
475 3482 679 3543 multas
720 3481 786 3542 ob
823 3481 1023 3564 cauffas
1069 3483 1371 3568 neceffizrio.
1444 3486 1550 3568 sed
1589 3504 1757 3569 neque
1797 3503 1989 3548 contra
2040 3506 2136 3547 vos
2157 3464 2327 3507 ”¹³¹⁶

129 3566 367 3628 alentur
387 3604 409 3639 ‚
474 3584 534 3625 et
561 3569 799 3625 contenti
827 3566 912 3627 his
928 3606 945 3641 ‚
1006 3584 1142 3650 quae
1179 3569 1451 3631 dederitis
1466 3611 1483 3644 ,
1540 3588 1723 3633 amare
1762 3571 1970 3630 discent
2009 3589 2095 3627 eos
2112 3567 2155 3641 ‚'

129 3670 168 3708 a
210 3649 420 3730 quibus
470 3650 756 3729 accipient.
841 3649 980 3710 Sane
1017 3655 1268 3732 pecuniae
1340 3652 1432 3712 lus
1454 3649 1625 3734 Jblito
1660 3648 1887 3735 exegiffie
1908 3649 2100 3735 fitteor
2114 3666 2145 3708 .··

119 3731 227 3817 sed
270 3730 406 3804 hoc,
469 3749 632 3811 quam
667 3724 952 3811 seditiosos
990 3726 1184 3793 habere
1220 3739 1293 3791 mi
1317 3736 1458 3810 ites‚
1522 3730 1860 3815 praestabat&
1928 3752 1985 3792 et
2023 3730 2135 3792 levi

125 3813 387 3897 profecto
422 3806 664 3894 impenfit
692 3812 1028 3894 redemptum
1059 3810 1153 3893 est,
1195 3816 1465 3897 quidquid
1492 3833 1711 3897 peccare
1744 3814 1936 3898 conscii
1958 3814 2133 3875 vicim-
2155 3878 2173 3897 ,

44 3911 52 3919 ·
128 3900 255 3956 riae
287 3897 575 3956 exercitus
589 3935 610 3968 ‚
653 3897 835 3976 inopia
874 3915 929 3957 et
966 3892 1266 3974 neceffitate
1295 3896 1547 3972 irritati,
1574 3892 1903 3979 ‘potuissenn
2042 3900 2073 3931 ’⁶
2100 3898 2117 3919 '
2220 3902 2229 3911 ‘

173 4052 182 4060 ·
257 4012 356 4099 X..
392 4017 561 4085 Mihi
591 4016 735 4081 nihil
774 4034 837 4079 ea
867 4019 1153 4102 diligentia
1181 4017 1477 4105 quaesttum
1511 4019 1620 4097 est:
1679 4026 1813 4102 quin
1845 4040 1999 4083 omne
2029 4004 2133 4167 pd-
2176 4032 2405 4102 Itemque
2417 4046 2508 4084 no-

123 4101 461 4173 minandum
501 4096 742 4182 effusum
765 4120 890 4183 pro,
917 4098 1187 4183 republica
1208 4144 1226 4175 ‚
1259 4122 1338 4183 ,gs
1366 4102 1963 4186 grssvdejnfiipkfaks
1995 4108 2129 4185 aie·
2159 4120 2256 4156 vas
2273 4101 2506 4156 exactio·

125 4182 683 4247 namec‘omractum.
773 4185 918 4260 Sed,
979 4181 1849 4345 qumadmedmjpssmlgqugdsp
1866 4188 2127 4264 “ruffi-‚32
2158 4187 2271 4225 nes.

1273 4306 1274 4311 ,
1307 4320 1312 4326 ,
1664 4294 1707 4343 2
