2675 4642
609 45 615 52 .
919 15 953 44 l
973 24 984 34 ⁶

488 59 512 92 N

439 279 528 343 m
570 277 873 342 Locum
914 282 1080 342 Lm.
1114 278 1430 348 cxxxv.
1474 266 1706 345 mvn.
1812 289 1815 296 ⁴
1923 272 2068 356 723

96 487 371 552 lantiam
393 505 639 575 partem
678 490 1002 553 domitam.
1051 491 1238 553 Circa
1266 493 1511 552 amnem
1552 475 1820 556 Aturum
1854 505 1918 553 et
1943 490 2069 573 Py·
2128 483 2199 540 U*
2219 481 2413 553 e”725-

98 592 381 635 renaeos
418 575 614 635 saltus
653 595 760 637 res
794 576 1107 658 gefferat,
1159 570 1631 654 Aquitanorum
1663 574 1935 635 maxime
1968 573 2072 634 fe·
2129 552 2284 612 QG,
2305 572 2394 623 ²⁷·

99 656 288 716 rocia
323 654 544 720 fracta.
609 655 1055 751 'l'riumphavit
1097 654 1297 735 igitur
1334 675 1456 738 pro
1492 657 1758 718 consule
1793 675 1874 718 ex
1919 654 2070 717 Gal-

98 734 194 796 lia
242 750 392 798 ante
450 738 623 799 diem
692 752 1033 821 septimum
1086 735 1402 797 Ralendas
1460 737 1823 799 Octobrest'
1887 751 1952 799 et
1993 757 2075 799 ex
2378 767 2407 794 s.

96 817 424 881 manubiis
452 820 620 881 viam
655 820 837 881 silice
871 817 1268 880 sternendam
1306 818 1581 896 locavit3
1627 839 1811 903 quam
1853 840 1936 881 ne
1966 820 2073 881 fu-

99 898 222 961 iss'e
255 901 579 962 Valeriam
622 900 1084 972 existimemus,
1140 900 1388 962 Tibulli
1420 905 1691 983 poetas,
1740 901 1851 986 qui
1894 902 2087 963 bellu

96 979 499 1063 Aquitanico
552 983 668 1045 sub
704 983 1003 1044 Messalla
1055 982 1289 1043 meruit
1308 998 1333 1053 ,·
1388 983 1756 1044 auctoritati
1806 983 2069 1058 damus,

99 1082 231 1143 per
264 1063 692 1125 Tusculanum
732 1064 1173 1145 Albanumque
1210 1083 1433 1146 agrum
1469 1063 1717 1126 ductam
1746 1062 2029 1127 testantis
2051 1106 2071 1138 ,

104 1163 306 1225 quum
349 1145 610 1209 Valeria
644 1146 891 1210 Tibure
927 1146 995 1207 in
1023 1150 1276 1208 Marsos
1313 1159 1381 1208 et
1426 1146 1738 1226 Pelignus
1780 1146 2073 1229 pertine-
2150 1209 2153 1212 ,

99 1239 231 1285 ret.
313 1227 482 1287 Dum
529 1226 688 1290 haee
740 1230 1053 1312 aguntur,
1096 1224 1434 1310 Augustus,
1470 1228 1546 1288 in
1585 1229 2072 1311 Hispaniamfex
2172 1212 2209 1286 ,¹

101 1307 318 1369 Gallia
353 1307 712 1392 profectus,
759 1329 900 1371 eam
943 1329 1200 1394 quoque
1229 1308 1629 1392 provinciam
1659 1329 1781 1393 pro
1814 1309 2071 1372 ratione

100 1391 544 1471 praesentium
573 1391 914 1454 ordinavit.
960 1390 1189 1452 Adbuc
1216 1393 1585 1453 Tarracone
1614 1405 1910 1474 agentem
1944 1393 2068 1453 Ra·-
2096 1397 2103 1404 '
2129 1360 2198 1485 Ἠ·
2228 1375 2286 1487 4⁶3·
2313 1359 2439 1486 ³2⁶·

99 1470 335 1533 lendae
369 1473 707 1534 Januariae
738 1471 1346 1556 deprehenderunt,
1390 1473 1623 1557 quibus
1667 1474 2065 1535 consulatum
2121 1464 2430 1574 inslpJAU',

104 1552 249 1634 ipse
274 1565 587 1625 octavum,
615 1557 692 1614 Τ.
719 1554 1010 1616 Statilius
1032 1555 1280 1614 Taurus
1308 1555 1540 1615 iterum
1565 1555 1872 1616 inierunt.
1902 1557 2064 1617 Tum
2094 1572 2250 1643 gusto
2273 1567 2439 1624 VIII.

101 1636 428 1716 Agrippa,
481 1636 586 1695 cui
617 1637 789 1696 nulla
823 1635 1168 1697 munienda
1203 1634 1336 1697 obti
1387 1649 1522 1698 erat
1551 1631 1653 1696 via
1677 1678 1692 1708 ‚
1730 1634 1906 1696 aliud
1938 1657 2066 1697 non
2094 1644 2162 1696 T.
2184 1636 2422 1694 Statilio

101 1717 379 1776 minoris
414 1730 699 1797 sumptus
740 1725 925 1799 opus,
974 1720 1206 1802 Septa,
1251 1716 1330 1778 de
1382 1717 1595 1788 icavit.
1635 1719 1879 1778 Locum
1923 1736 2069 1779 eum
2091 1710 2170 1763 ῙῙ·
2204 1707 2360 1791 091¹*-

63 1796 173 1855 -in
217 1796 452 1857 Martio
486 1816 709 1880 campo
757 1796 1043 1881 Lepidus
1074 1812 1256 1860 antea
1292 1796 1700 1861 comitiorum
1741 1797 2071 1861 babendo·
2099 1780 2407 1900 δΑέηῘΖῖὶ
2516 1808 2535 1828 ”

104 1897 249 1938 rum
282 1879 484 1939 cauffa
506 1878 866 1960 porticibus
902 1878 1302 1958 instruxerat.
1347 1879 1639 1965 Agrippa
1677 1875 2070 1953 incrustavit,
2097 1858 2266 1969 ..ἔξω
2396 1875 2428 1906 ”

104 1949 341 2020 tabulis
393 1980 471 2020 ue
518 1974 580 2022 et
615 1955 830 2021 statuis
867 1961 1221 2035 exornavit,
1265 1961 1428 2023 adeo
1461 1962 1804 2047 pretiosis,
1851 1973 1921 2022 ut
1950 1982 2072 2043 pro
2189 1950 2210 1971 ⁰

107 1980 487 2123 quibusdam
536 2041 746 2124 eapite
792 2042 1116 2126 spondere
1155 2044 1442 2105 tutelarii
1482 2054 1896 2124 cogerentur.
1944 2042 2076 2106 Sed

104 2122 423 2206 Agrippa,
466 2123 629 2183 nihil
661 2122 899 2184 honori
935 2144 1049 2185 suo
1089 2123 1404 2197 tribuens,
1455 2131 1649 2205 Septa
1680 2125 1846 2189 ,Iulia
1881 2146 2081 2198 voca-⁶

71 2205 254 2290 sirit,
286 2204 498 2266 omnia
545 2204 803 2266 referre
836 2204 914 2272 ad
952 2207 1290 2269 Caesarem
1332 2197 1596 2281 solitus,
1657 2223 1867 2291 eoque
1903 2220 1968 2269 et
2007 2229 2075 2268 a-

105 2284 245 2368 pud
276 2285 490 2368 ipsum
518 2288 771 2368 integra
817 2287 1055 2368 gratia'3
1108 2305 1230 2347 nec
1257 2290 1467 2349 minus
1507 2289 1575 2348 in
1594 2293 1828 2372 'magna
1868 2277 2074 2371 gloria

107 2367 290 2449 apud.
321 2382 598 2440 ceteros,
648 2367 823 2464 quod
863 2369 1252 2452 optimorum
1290 2369 1715 2433 consiliorum
1746 2385 2075 2433 auctorem

110 2449 241 2512 effe
273 2450 535 2511 Caesari
584 2458 847 2514 scireut.
2036 2461 2041 2464 “

231 2558 314 2620 V.
358 2556 581 2641 Longe
626 2556 910 2623 diversis
956 2543 1247 2622 moribus
1281 2558 1398 2622 Cn.
1432 2559 1776 2625 Cornelius
1826 2561 2077 2633 Gallus,
2137 2577 2232 2630 015.
2257 2576 2445 2633 corno.

110 2661 236 2725 pro
276 2638 539 2702 instituti
578 2642 677 2702 sui
711 2642 985 2704 vanitate
1022 2641 1263 2703 exitum
1300 2641 1543 2714 babuit.
1603 2646 1703 2718 Is,
1742 2645 2171 2707 immemorliae‘
2198 2644 2354 2698 Gaui

112 2721 292 2803 cujus
324 2743 485 2805 opus
507 2724 680 2796 effet,
719 2724 966 2785 auctori
998 2744 1116 2786 suo
1139 2722 1506 2787 obtrectare
1537 2744 1664 2786 non
1683 2726 2036 2789 verebatur
2058 2744 2078 2785 z
2102 2716 2292 2778 'viulo

113 2817 200 2876 et,
247 2806 417 2865 inter
451 2805 572 2865 alia
600 2801 933 2877 maleficia,
978 2804 1254 2877 Thebas,
1299 2805 1581 2889 Aegypti
1608 2806 2080 2871 nobilissimam
2281 2814 2286 2822 ’

109 2887 342 2945 urbem
374 2926 390 2957 ,
452 2886 749 2969 pluribus
782 2883 1210 2948 'ornamentis
1277 2903 1314 2947 o
1367 2887 1643 2971 ibusque
1699 2890 2077 2972 spoliatam,

113 2965 513 3029 exhauserat.
599 2972 734 3032 Nec
771 2967 1032 3031 interim
1078 2965 1285 3028 defuit
1373 2976 1546 3029 atuas
1581 2969 1734 3038 sibi,
1787 2989 1908 3052 per
1944 2989 2080 3031 om-

109 3065 263 3110 nem
358 3069 517 3132 rope
562 3049 835 3111 dixerim
867 3039 1264 3133 Aegyptum,
1323 3067 1575 3129 ponere
1605 3092 1624 3126 ‚
1694 3064 1761 3112 et
1795 3065 1932 3114 acta
1968 3071 2081 3111 sua

110 3072 485 3211 insculpere
529 3132 597 3191 in
635 3130 1015 3214 pyramides,
1099 3133 1257 3191 Nam
1304 3131 1595 3191 Heroum
1649 3132 1876 3193 urbem
1920 3128 2084 3193 defi-

112 3212 396 3272 cientem
435 3232 633 3295 parva
659 3231 846 3273 manu
885 3224 1257 3292 receperat:
1303 3209 1767 3296 domueratque
1798 3212 2080 3285 Thebas,

109 3303 390 3376 propter
431 3293 745 3354 tributum
788 3294 1263 3355 tumultuantes.
1349 3293 1565 3365 Haec,
1612 3315 1844 3377 quum,
1889 3294 2082 3357 adce-

161 3388 230 3435 to
272 3375 638 3436 success'ore
671 3375 1022 3448 Petronio,
1068 3373 1134 3433 in
1175 3365 1400 3436 urbem
1431 3374 1734 3447 redimat,
1777 3376 2083 3472 yalerius

110 3394 367 3537 {argus
410 3476 488 3516 ex
535 3455 965 3520 familiaribus
1012 3455 1149 3535 ejus
1199 3455 1477 3534 objecit3
1545 3458 1914 3553 factumque
1961 3455 2079 3529 est,

112 3550 187 3598 ut
223 3535 537 3619 Augustus
578 3538 766 3601 Gallo
808 3537 1088 3600 amicitia
1128 3549 1193 3598 et
1229 3536 1591 3620 provinciis
1639 3539 1773 3598 suis
1810 3538 2086 3624 interdi-

111 3621 328 3694 ceret.
405 3619 517 3680 Sic
563 3618 798 3682 cadere
833 3618 1252 3699 incipientem
1298 3618 1502 3690 aliae,
1549 3633 1619 3680 ut
1661 3616 1770 3690 fit,
1820 3619 2088 3681 adortae

113 3700 567 3763 adcusationes
595 3720 867 3784 prorsus
902 3698 1311 3774 adflixerunt,
1353 3700 1829 3785 multorumque
1868 3700 2088 3784 crimi-

169 3881 337 3964 ³Cap.
369 3890 478 3948 IV.
527 3888 663 3956 Dio,
695 3881 744 3943 l?
763 3890 848 3958 49.
887 3890 987 3944 fin.
1039 3886 1258 3944 Tibull.
1293 3908 1342 3941 ι.
1376 3886 1539 3962 Eleg.
1572 3907 1631 3957 ¹7¹.
1663 3895 1722 3942 et
1748 3907 1800 3953 2,
1838 3908 1886 3943 ι.
1939 3883 2086 3939 Fasti

112 3961 315 4033 Capit.
354 3958 599 4013 Sueton.
635 3960 782 4029 Aug.
807 3961 889 4023 σά.
931 3957 1150 4012 Tibull.
1174 3974 1231 4012 ἰ.
1268 3958 1432 4029 Eleg.
1453 3977 1508 4023 7.
1539 3976 1597 4010 v.
1626 3975 1679 4025 ι).
1714 3966 1771 4008 et
1802 3959 1886 4025 57.
1929 3954 2088 4006 Stra-

109 4029 218 4096 bo,
254 4031 298 4084 l.
323 4028 381 4083 5.
417 4047 480 4100 p.
503 4029 621 4083 238.
660 4029 797 4092 Dio,
826 4028 867 4081 1.
889 4030 977 4084 ὅ3.
1015 4028 1261 4082 Sueton.
1282 4026 1429 4097 Aug.
1447 4029 1533 4082 26.
1569 4026 1704 4079 Dio.
1743 4023 1893 4077 Plin.
1920 4024 2085 4101 3625.
2172 4083 2175 4088 ,

115 4100 253 4153 Dio.
297 4098 478 4167 ,Cap.
510 4099 587 4161 V.
627 4094 806 4151 Ovid..
836 4095 1001 4153 Trist.
1022 4100 1214 4166 2,446.
1249 4095 1467 4147 Euseb.
1496 4093 1718 4148 Chron.
1757 4090 2087 4147 Marcellin.

111 4163 158 4224 1.
190 4172 247 4225 6.
287 4166 428 4223 Dio.
460 4164 710 4235 Strabo,
738 4164 781 4220 l.
809 4183 896 4237 ¹7·
923 4164 1131 4237 p.'819.
1165 4161 1305 4220 Dio.
1347 4165 1590 4220 Sueten.
1611 4162 1872 4238 Aug.{so.
1911 4158 2051 4214 Dio.
