2675 4642
561 189 589 208 l

569 268 688 335 166
756 219 2535 370 Fanmsn.sUgPLEnENTonuntnsnxxlx.

202 465 294 533 'Ul
337 480 531 549 c.706.
686 484 796 543 111.
860 478 1034 553 Sed,
1096 477 1211 539 ubi
1247 478 1429 540 vires
1468 478 1891 561 placuerunt,
1950 482 2228 567 vulgatis
2276 475 2592 566 epistolis

215 549 287 601 A·
324 549 390 601 C·
421 551 517 613 4⁶⁵¹
563 562 946 647 quibusdam
970 603 986 633 ‚
1033 582 1191 643 quas
1231 561 1441 641 ajebat
1484 581 1565 621 ex
1599 561 1826 623 Africa
1868 564 2108 639 misiss'e
2144 565 2533 648 Scipionem
2558 608 2583 639 ‚

169 617 526 739 ,ῥεῖ’-ΖΜ·
559 645 900 728 (interitus
952 656 1162 703 autem
1217 643 1556 715 Caesaris,
1622 657 1686 705 et
1733 646 2127 707 commiss'um
2171 648 2303 730 ipsi
2345 647 2590 728 a'Sci-

78 729 85 750 ¹
157 703 528 820 ficitndum‘r'
555 730 756 814 pione
798 724 1145 809 imperium
1185 725 1672 803 continebatur)
1711 725 1941 787 ducem
1979 729 2260 811 partium
2298 729 2587 812 profes-

163 834 359 878 σιινευ.Γ
557 833 699 883 sus,
742 812 982 890 Tyrum
1017 822 1313 890 occupat.
1356 806 1513 868 inde
1553 806 1632 868 ad
1668 807 1865 869 castra
1893 810 2047 871 Sex.
2076 812 2373 883 Caesaris
2394 832 2589 893 pro-

444 971 447 972 ⁷
548 891 766 954 ”ficisci
799 911 1029 960 ausus,
1076 890 1337 971 proelio
1375 889 1683 961 vincitur,
1733 906 1799 952 et
1833 892 2068 962 vulnus
2111 894 2369 977 accipit.
2436 912 2586 956 nec

538 976 723 1056 xultra
761 972 889 1035 vim
927 970 1221 1053 experiri
1255 971 1508 1045 volens,
1556 970 1632 1034 ad
1670 974 2189 1057 corrumpendos
2222 975 2405 1037 Sexti
2436 976 2583 1036 mi-

551 1057 705 1119 lites
747 1076 817 1118 se
851 1053 1218 1125 convertit,
1263 1053 1391 1114 hoc
1432 1068 1702 1126 eventu,
1751 1069 1821 1116 ut
1860 1070 1924 1117 et
1956 1057 2190 1119 Sextus
2225 1053 2584 1119 interfice-

552 1152 776 1210 retur,
823 1150 890 1197 et
928 1135 1172 1196 milites
1208 1134 1288 1194 ad
1317 1137 1569 1210 Bassum
1603 1138 2003 1211 transirent,
2060 1140 2391 1224 exceptis,
2490 1139 2574 1200 ui

553 1222 881 1303 Apameae
911 1217 1378 1278 hiemaverant.
1463 1219 1630 1290 Hos,
1677 1220 1744 1280 in
1771 1220 2065 1281 Ciliciam
2095 1236 2396 1305 transgre
2457 1242 2572 1295 oe,

553 1300 786 1366 frustra
824 1300 1044 1361 Bassus
1076 1300 1464 1384 insequutus
1488 1343 1503 1370 ,
1566 1299 1898 1385 postquam
1932 1303 1996 1363 in
2031 1304 2276 1385 Syriam
2316 1301 2575 1377 rediit,

552 1384 886 1468 praetoris
935 1382 1278 1464 adsumpto
1322 1382 1677 1458 vocabulo,
1744 1384 1800 1446 A
1852 1407 2131 1466 ameam,
2198 1386 2373 1470 quod
2417 1380 2580 1448 e'rat

555 1466 685 1528 situ
733 1480 926 1549 atque
967 1485 1170 1548 opere
1209 1465 1662 1538 munitiffima.,
1728 1481 1798 1527 s'e
1849 1488 1948 1529 em
1994 1469 2172 1530 bello
2216 1470 2425 1553 cepit,
2499 1477 2603 1530 et'

549 1548 887 1629 juventute
934 1568 1065 1608 non
1107 1548 1386 1630 ingenua
1429 1546 1666 1619 modo,
1712 1548 1831 1619 sed,
1874 1564 1938 1611 et
1978 1571 2355 1623 servorum,
2400 1570 2576 1613 cen-

551 1632 823 1705 turiata,
881 1630 1190 1714 pecunias
1230 1649 1511 1711 cogere,
1573 1652 1803 1711 parare
1844 1637 2055 1709 arma,
2117 1630 2400 1717 denique
2443 1653 2573 1695 re·-

550 1712 674 1775 bus
716 1714 1018 1778 omnibus
1056 1711 1311 1773 munire
1357 1731 1430 1773 se
1473 1710 1762 1774 instituit.
2335 1723 2341 1732 ⁹

226 1856 490 1912 Caesaris
674 1847 787 1913 IV.
836 1849 1092 1922 Interea
1120 1847 1359 1907 Caesar
1388 1844 1453 1905 in
1475 1830 1703 1912 Africa
1731 1844 2133 1929 perdifficile
2162 1846 2402 1909 bellum
2435 1868 2565 1931 ge-

164 1922 394 2009 diffifite
412 1928 521 2012 bef·
549 1928 772 1998 rebat,
834 1941 1058 1989 contra
1098 1928 1404 1988 maximas
1441 1924 1710 1988 hostium
1750 1927 1973 2011 copias
2006 1929 2213 2001 ‚rebus
2254 1931 2566 1994 omnibus

165 1995 517 2082 ¹“W'3Af'²·
547 2012 791 2095 impar,
853 2025 919 2074 et
956 2023 1200 2071 tantum
1243 2010 1548 2071 fortunae
1592 2029 1744 2071 suae
1784 2010 2130 2094 animoque
2170 2025 2237 2074 et
2269 2013 2564 2076 consilio

161 2077 270 2148 ω’.
475 2127 482 2136 ·
544 2093 830 2155 innixus.
918 2090 1050 2154 Sed
1086 2106 1152 2152 et
1186 2092 1499 2154 frumenti
1533 2092 1753 2175 inopia
1790 2092 2180 2174 urgebatur,
2227 2093 2412 2172 cujus
2448 2108 2564 2157 te-

546 2176 696 2237 nuis
731 2188 870 2237 erat
891 2174 1225 2258 Ruspinae
1258 2194 1528 2248 annona,
1582 2175 1765 2257 panis
1802 2175 1992 2235 simul
2025 2175 2416 2259 obsoniique
2452 2178 2566 2238 vi-

548 2278 690 2320 cem
726 2257 965 2318 siccata
980 2249 1312 2339 'implente
1342 2254 1501 2330 flcm
1549 2271 1615 2318 et
1648 2256 2046 2340 expediundi
2076 2256 2373 2319 difficilis
2405 2272 2561 2321 erat
2649 2297 2650 2300 =

545 2342 753 2410 ratio,
802 2341 951 2424 q-uia
984 2340 1282 2400 Caesaris
1326 2339 1688 2423 equitatus,
1752 2338 2036 2399 nondum
2080 2341 2237 2401 satis
2280 2361 2317 2401 e
2353 2342 2562 2401 mari-

548 2422 702 2484 tima
749 2422 1094 2501 jactatione
1138 2434 1205 2482 et
1246 2440 1487 2481 nausea
1534 2419 1937 2485 confirmatis
1983 2422 2217 2504 equis,
2285 2422 2560 2505 proelio

546 2523 677 2565 non
727 2504 1000 2565 audebat
1046 2503 1488 2565 contendere:
1517 2521 1523 2529 ·
1550 2517 1776 2565 contra
1813 2504 2129 2565 Numidae
2165 2504 2554 2600 Maurique,
2649 2549 2650 2552 ,

490 2659 503 2667 ι
544 2588 741 2649 velox
779 2600 845 2648 et
884 2585 1226 2671 expeditus
1264 2606 1469 2671 eques
1493 2629 1509 2659 ,
1554 2584 2011 2647 indesinenter
2041 2587 2207 2649 locis
2244 2586 2557 2649 omnibus

542 2669 975 2751 vagabantur,
1025 2681 1122 2742 et,
1219 2668 1325 2729 uia
1353 2677 1626 2729 numero
1663 2667 1855 2729 etiam
1889 2667 2092 2729 multo
2132 2682 2317 2730 erant
2350 2688 2557 2753 supe-

536 2752 761 2815 ·oeiores
784 2794 801 2825 ‚
845 2747 1018 2812 baud
1053 2690 1486 2814 medliocriter
1524 2752 1866 2812 Caesarem
1903 2751 2243 2834 angebant.
2537 2755 2542 2762 ’

547 2911 567 2918 -
664 2876 758 2947 V.
792 2877 995 2938 Forte
1033 2873 1308 2947 accidit,
1354 2888 1427 2936 ut
1465 2874 1763 2937 Caesaris
1800 2895 1835 2935 e
1930 2875 2092 2951 ites,
2140 2887 2358 2958 quum,
2393 2874 2559 2939 Afri

542 2957 874 3039 cujusdam
924 2972 1114 3019 cantu
1162 2969 1355 3039 atque
1407 2958 1749 3019 saltatione
1791 2896 2091 3030 diffiniti,
2149 2958 2302 3019 lixis
2342 2957 2561 3021 custo-

542 3040 822 3104 diendos
857 3044 1062 3123 equos
1100 3038 1457 3111 dediss'ent,
1522 3038 1729 3101 subita
1768 3038 2191 3103 Numidarum
2230 3040 2558 3124 irruptio-

537 3145 625 3185 ne
661 3122 1102 3195 turbarentur,
1152 3135 1218 3184 et
1251 3121 1361 3182 vix
1394 3122 1649 3183 insilire
1686 3122 1753 3183 in
1788 3142 1993 3206 equos
2029 3137 2221 3206 atque
2255 3123 2321 3182 in
2350 3122 2559 3186 castra

536 3206 855 3288 refugere
887 3205 1166 3289 poss'ent.
1248 3201 1449 3284 Quod
1482 3204 1612 3264 nisi
1650 3205 1923 3275 Caesar,
1969 3203 2115 3288 ipse
2146 3219 2290 3265 cum
2313 3205 2555 3267 Asinio

536 3288 846 3351 Pollione
894 3299 960 3348 et
1009 3284 1334 3347 instructis
1387 3284 1769 3350 cohortibus
1818 3286 2144 3374 progr-effi
2187 3300 2367 3348 extra
2410 3289 2552 3349 val-

536 3370 669 3436 lum
694 3412 710 3442 ,
768 3389 885 3431 eos
922 3367 1354 3451 recepiss'ent‚
1411 3388 1637 3451 magna
1676 3368 1933 3446 clades,
1981 3382 2046 3431 et
2072 3411 2088 3442 ‚
2134 3382 2205 3429 ut
2246 3369 2553 3432 nonnulli

589 3465 803 3524 mant,
852 3450 944 3512 :ad
984 3470 1292 3511 summam
1328 3450 1669 3511 victoriam
1713 3448 1989 3524 efficax,
2035 3463 2300 3548 accepta
2341 3449 2549 3513 foret.

194 3546 399 3598 omar
416 3556 512 3593 un·
635 3554 762 3619 que
796 3535 1036 3595 Caesar
1066 3533 1133 3592 in
1168 3530 1535 3594 Sardiniam
1568 3533 1868 3605 nuncios,
1918 3532 1986 3593 in
2018 3533 2313 3595 Siciliam
2343 3533 2552 3595 nabi.

157 3614 317 3680 dique
349 3628 486 3663 ⁶⁰²⁸·
536 3612 1099 3679 rium-Postumum
1135 3613 1335 3675 mittit
1366 3613 1445 3674 ad
1470 3614 1881 3677 arcess'endos
1905 3631 2321 3676 commeatus.
2367 3615 2555 3678 Huic

152 3694 362 3737 ''mm‘'
397 3694 494 3733 Μ’·
539 3697 769 3776 ὃεζῡεω
797 3695 1033 3780 longae
1059 3716 1259 3757 naves
1290 3695 1659 3766 attributae,
1709 3696 2226 3781 mandatumque,
2270 3710 2360 3769 ut,
2406 3699 2555 3778 pri-

160 3749 343 3807 “sm'
538 3793 815 3864 nequam
859 3778 932 3840 iu
975 3778 1266 3841 Siciliam
1310 3778 1824 3857 trajiceretfflad
1864 3778 2344 3863 'conquirendas
2383 3779 2553 3838 reli-

539 3863 700 3947 quas
735 3880 970 3936 naves,
1032 3880 1198 3947 quae
1237 3858 1746 3938 deerraverant,
1794 3876 1863 3926 et
1898 3861 2207 3925 tuendum
2238 3861 2316 3922 ab
2347 3857 2552 3922 hosti-

548 4017 561 4099 :
612 4007 902 4125 eap.'111[
952 4051 1196 4123 Joseph.
1247 4015 1504 4135 Strabo,
1539 4052 1594 4106 101
1622 4051 1705 4136 πᾷ.
1740 4005 1968 4124 pi-vba.
2016 4052 2156 4106 Dio.
2246 4052 2393 4133 Cap.
2430 4049 2544 4106 IV.

535 4114 1500 4252 staeffstssssiffizatafssae’
1535 4122 1581 4179 ¹·
1600 4122 1688 4193 ⁴³⁸
1924 4121 2112 4238 ‘⁶3:¹⁶1
2130 4118 2336 4230 ...a
2394 4120 2548 4196 θ’»-
