2675 4642
566 224 691 291 686
768 225 1172 299 FREINSH.
1200 221 2031 322 SUPPLEMENTORUM
2057 217 2471 296 Lm.'xclx‚

203 431 297 491 U.
323 441 382 490 c,
409 431 538 505 ⁴723.
566 435 717 493 aliis
744 433 1133 510 concipiendi
1167 427 1450 492 caussam
1479 435 1808 507 praebeas,
1842 432 2124 493 ulliusve
2145 434 2551 494 immodestia

224 506 501 577 A.c.29.
561 509 689 579 peti
726 524 936 576 posse:
997 512 1065 560 ut
1091 504 1480 560 adsuescant
1513 506 1792 562 homines
1835 507 2001 564 idem
2049 507 2124 563 de
2170 513 2234 563 te
2283 510 2546 571 sentire,

560 574 720 648 quod
757 575 834 630 de
877 575 1020 632 Diis
1049 573 1507 637 immortalibus
1548 578 1846 646 sentiunt3
1903 584 2239 649 augustum
2268 583 2330 632 te
2366 585 2549 650 atque

246 655 252 686 ⁸
467 669 484 682 =
562 643 983 722 venerandum
1010 661 1159 700 esse.
1428 669 1434 676 ·

223 810 537 888 54441‘33,
688 771 888 847 LVII(
934 790 1053 849 Sin
1093 807 1232 847 vero
1264 789 1381 848 tibi
1420 790 1554 862 quis
1592 788 1854 861 insidias
1895 793 2199 872 strusz-‚isse
2251 790 2539 859 dicatur,

184 879 289 933 εκ,
316 890 415 934 ,35
443 893 519 935 η,
559 863 736 930 (nam
766 871 825 919 et
861 863 976 919 hoc
1014 861 1252 918 evenire
1282 862 1511 934 potest)
1555 860 1620 918 in
1653 866 1760 915 tua
1798 872 2019 917 caussa
2039 865 2246 936 judex
2275 862 2445 917 idem
2483 868 2544 918 et

151 939 301 1001 “iam
323 951 502 1003 0735,-
560 939 887 991 accusator·
920 948 1048 988 esse
1079 927 1251 987 noli!
1302 929 1444 995 (lzoc
1478 931 1644 984 enim
1685 937 1852 986 recta
1888 932 2051 987 ratio
2090 930 2406 1010 repudiat)
2436 928 2543 986 sed

181 1017 533 1075 vindicare..
556 1005 626 1060 in
658 1010 877 1059 senatu
911 1000 1199 1074 cog-nosci
1224 995 1413 1068 jube,
1468 998 1915 1070 convictumque
1943 1000 2135 1070 puni,
2197 999 2312 1055 sed
2357 1017 2541 1071 quam

175 1096 415 1158 pun-0,
554 1072 792 1148 poteris
819 1068 1330 1127 mansuetissime.
1422 1064 1531 1122 Sic
1570 1068 1737 1123 enim
1776 1072 2156 1137 persuaseris
2215 1068 2540 1130 omnibus.

557 1149 617 1201 te
652 1157 775 1196 non
808 1140 885 1194 ab
925 1140 1024 1193 ira
1061 1144 1167 1191 aut
1201 1135 1343 1193 odio
1378 1137 1446 1194 in
1486 1135 1688 1192 hostes
1720 1135 2245 1203 animadvertere,
2295 1141 2359 1204 si
2398 1155 2541 1192 cun.

557 1215 796 1268 etanter
822 1216 886 1265 ‘et
918 1208 1108 1262 invito
1139 1204 1503 1261 simillimus
1533 1204 1614 1260 ad
1650 1204 1987 1261 vindictam
2016 1205 2306 1279 prodeas,
2351 1223 2540 1278 neque

558 1280 774 1352 cupide
816 1280 885 1334 in
934 1291 1325 1348 quemquam,
1377 1280 1483 1329 aut
1527 1272 1854 1331 'crudeliter
1894 1273 2206 1331 consulas.
2304 1276 2540 1333 fictum

557 1349 723 1409 enim
743 1344 908 1403 alias
943 1347 1172 1401 crimen
1191 1343 1495 1416 putabunt
1522 1350 1768 1417 propter
1803 1343 2078 1404 occultas
2106 1363 2399 1400 caussase
2432 1362 2540 1401 nec

559 1417 725 1476 enim
757 1412 1074 1488 probabile
1110 1421 1220 1474 est,
1262 1422 1628 1485 quemqu‘am'
1658 1415 1956 1469 inermem
1983 1423 2237 1471 armato
2267 1412 2540 1471 insidias

560 1495 818 1544 struere.
887 1486 1147 1542 Diversa
1178 1484 1300 1540 erit
1330 1485 1631 1539 exercitus
1661 1480 2066 1538 obtinentium
2102 1502 2332 1539 caussa
2355 1505 2374 1539 .·
2432 1483 2539 1537 ho·

557 1575 697 1613 rum
718 1544 878 1614 inim
908 1553 1173 1626 quisquis
1201 1554 1522 1636 insurgere
1552 1552 1623 1606 in
1653 1556 1712 1607 te
1742 1552 2088 1615 conabitur,
2128 1572 2253 1610 non
2265 1549 2534 1625 judicio,

557 1626 669 1681 sed
697 1623 923 1693 armis,
962 1620 1213 1695 professi
1242 1626 1436 1678 nostis
1463 1622 1696 1684 instar,
1732 1619 2158 1693 percellendus
2185 1630 2299 1680 est.
2376 1622 2534 1677 Haec

555 1696 758 1767 igitur
771 1700 888 1759 „et
915 1698 1252 1749 ceterorum
1283 1689 1578 1761 plurima,
1621 1697 1676 1744 et
1704 1691 1983 1745 maa-ima
2018 1690 2404 1761 publicorum
2439 1710 2534 1746 ne·

555 1764 871 1835 gotiorum
920 1762 1162 1818 senatui
1210 1759 1405 1817 trade.
1490 1759 1852 1813 Communia
1897 1761 2063 1815 enim
2129 1762 2532 1816 communiter

555 1831 821 1887 tractari
879 1838 968 1887 est
1008 1831 1288 1902 aequius.-
1342 1836 1402 1896 et
1442 1824 1847 1897 multiplicem
1880 1829 2281 1885 „humanitas
2319 1847 2390 1886 ea
2420 1829 2530 1884 tibi

539 1898 1111 1975 fructumaeadseret.
1186 1897 1323 1955 Iam
1359 1897 1625 1966 primum
1676 1911 1914 1966 magna
1955 1905 2140 1969 parte
2174 1897 2520 1963 molestiae,

554 1988 711 2043 quae
747 1976 993 2040 propter·
1038 1965 1501 2025 multitudinem
1529 1984 1738 2023 rerum
1770 1970 2143 2038 imperantes
2173 1971 2421 2039 premit,
2463 1975 2519 2021 te

553 2037 1004 2100 exoneraveris‚
1040 2035 1260 2092 deinde
1291 2054 1594 2111 mag-nam
1625 2031 1703 2088 ab
1723 2034 1822 2091 his
1838 2036 2027 2093 inibis
2043 2038 2350 2110 gratiam,
2384 2035 2515 2090 insi·

551 2113 683 2162 tum
703 2109 866 2164 enim
887 2104 1001 2162 hoc
1019 2112 1113 2162 est
1133 2107 1391 2172 homini,
1429 2103 1562 2176 sisa
1573 2105 1760 2174 stigio
1777 2107 2143 2176 potentioris
2167 2110 2363 2179 specie
2388 2122 2510 2179 qua-

553 2175 703 2231 dam
749 2176 995 2247 aequati
1036 2170 1198 2248 iuris
1239 2191 1303 2231 se
1342 2173 1547 2232 videat
1589 2175 1919 2230 admoveri.
2029 2182 2332 2242 ostremo,
2379 2170 2517 2246 quod

550 2247 643 2301 ita
681 2250 1021 2316 statuetur,
1059 2251 1372 2322 tamquam
1403 2261 1519 2301 sua
1552 2242 1839 2313 decreta,
1877 2250 1975 2301 tue
2018 2252 2208 2301 untur
2239 2262 2316 2302 ac
2337 2242 2521 2316 defens

552 2312 718 2372 dent.

254 2464 501 2535 &udicio-
595 2509 602 2518 .
675 2452 901 2520 LVIII.
965 2462 1064 2520 De
1096 2459 1196 2517 bis
1229 2460 1430 2533 igitur
1473 2439 1758 2518 omnibus
1801 2455 2189 2527 referendum
2229 2459 2318 2517 ad
2360 2477 2527 2517 sena·

190 2553 310 2590 rum
326 2538 531 2595 ardone
557 2541 687 2593 tum
718 2535 1011 2602 arbitror,
1052 2533 1499 2604 sententiaeque
1522 2529 1818 2588 dicendae
1830 2532 1988 2596 fieri
2012 2538 2381 2608 potestatem
2411 2550 2526 2586 orn-

190 2606 358 2664 ‘ratio-
554 2604 767 2672 nibus,
819 2606 923 2677 qui
966 2615 1312 2671 unoquoque
1346 2608 1616 2670 tempore
1658 2600 1957 2659 aderunt.-
2010 2609 2446 2675 praeterquam
2474 2598 2528 2654 si

556 2691 839 2730 caussam
871 2671 1044 2729 dicat
1083 2666 1399 2724 aedilitias
1437 2668 1689 2740 aliquis,
1724 2677 1831 2726 aut
1867 2691 1937 2728 eo
1966 2668 2317 2745 majoribus
2350 2668 2529 2723 bono-

552 2742 727 2800 ribus
754 2742 1050 2816 functus.-
1104 2746 1236 2792 tum
1268 2740 1433 2794 enim
1466 2737 1778 2812 inferioris
1803 2736 2148 2813 dignitatis
2183 2737 2429 2796 nemini
2456 2736 2529 2793 de

556 2813 671 2867 hoc
714 2811 1086 2869 sententiam
1110 2805 1282 2879 ferre
1324 2806 1547 2873 liceat,
1601 2804 1706 2863 sed
1754 2807 1850 2864 his
1898 2807 2381 2871 tantummodo,
2433 2804 2528 2877 qui

553 2878 866 2946 eumdem,
916 2886 983 2935 at
1022 2896 1094 2932 ue
1127 2893 1304 2944 reus,
1358 2883 1470 2931 aut
1510 2876 1625 2931 hoc
1675 2875 2038 2962 ampliorem
2080 2880 2528 2963 magistratum

552 2952 883 3025 gesserint.
1011 2947 1044 3002 b
1078 2944 1363 3001 omnibus
1403 2953 1614 3002 autem
1663 2946 2005 3025 majoribus
2045 2945 2528 3019 magzstratibus

550 3018 1024 3092 praefectisque,
1062 3013 1275 3070 ubiubi
1305 3022 1517 3081 erunt,
1557 3013 1641 3068 ad
1668 3024 1728 3072 te
1757 3018 2104 3091 provocatio
2136 3023 2307 3072 esto.-
2348 3030 2528 3087 neque

554 3107 769 3145 eorum
810 3089 1126 3159 quisquam
1162 3102 1403 3139 summa
1453 3091 1510 3140 et
1540 3084 1821 3143 absoluta
1860 3105 1994 3141 cum
2025 3091 2333 3158 potestate
2363 3082 2528 3157 judi·

554 3164 673 3214 cet.
748 3154 876 3213 Sed
908 3173 1018 3211 nec
1045 3150 1411 3228 quibuslibet
1455 3152 1772 3227 adpellare
1799 3155 2009 3219 liceat,
2049 3154 2269 3211 necob
2300 3150 2529 3226 quaeli-

555 3226 655 3282 bet
676 3243 702 3295 ‚·
735 3243 941 3281 verum
973 3241 1046 3280 ea
1074 3220 1525 3287 tantummodo,
1562 3240 1715 3294 quae
1742 3224 1824 3281 ad
1846 3222 2377 3295 vitamfamamve
2413 3221 2529 3278 Ro·

553 3307 882 3351 manorum
916 3293 1217 3365 equitum,
1269 3299 1378 3346 aut
1408 3294 1830 3350 centurionum
1852 3328 1870 3361 ,
1923 3302 1982 3351 et
2009 3314 2087 3350 σε
2125 3293 2417 3366 paganis
2445 3297 2529 3344 at-

553 3382 665 3437 que
720 3359 1201 3436 provincialibus
1260 3361 1681 3418 honestissimi
1736 3360 2055 3435 cujusque,
2108 3359 2527 3435 pertinebunt.

554 3432 916 3489 Adsessores
962 3439 1165 3486 autem
1203 3429 1527 3488 adhibebis
1579 3450 1658 3488 ea·
1693 3432 1988 3491 Patribus
2026 3439 2085 3489 et
2124 3433 2332 3502 equite
2361 3446 2526 3501 prae·

556 3503 784 3574 cipum,
822 3498 1185 3557 consulares
1217 3499 1403 3554 etiam
1442 3518 1515 3555 ac
1548 3503 1921 3574 praetorios.-
1959 3520 2068 3558 nec
2097 3499 2352 3556 eosdem
2381 3515 2528 3555 sem-

550 3588 695 3656 per,
738 3569 849 3627 sed
876 3568 1041 3626 alios
1074 3567 1362 3638 aliosque.
1403 3587 1548 3623 nam
1581 3570 1695 3626 hoc
1722 3567 1931 3645 pacto,
1987 3568 2331 3625 multorum
2364 3567 2528 3640 inge·

548 3642 660 3695 ‘nio
701 3641 1085 3712 moribusque
1134 3637 1442 3713 cognitis,
1495 3641 1716 3696 rectius
1762 3639 2076 3715 deinceps,
2132 3639 2234 3694 cui
2291 3639 2528 3711 quisque

552 3707 1088 3765 administrationi
1114 3707 1195 3762 sit
1222 3705 1516 3775 idoneus,
1557 3709 1950 3766 aestimabis.-
2004 3717 2061 3766 et
2089 3706 2193 3764 illi
2227 3708 2526 3772 vicissim,

545 3783 657 3831 tua
707 3777 970 3834 consilia
1003 3784 1179 3849 atque
1213 3776 1501 3832 instituta
1530 3786 1881 3842 noscentes,
1923 3777 2006 3833 ad
2037 3779 2377 3848 impositas
2413 3776 2525 3834 sibi

532 3842 889 3918 functiones
915 3846 1334 3904 instructiores
1354 3852 1546 3902 erunt.
1621 3845 1982 3916 Sententias
2018 3852 2228 3903 autem
2266 3865 2399 3902 non
2428 3864 2526 3918 pa-

549 3911 701 3980 lam,
735 3916 808 3969 in
839 3916 1074 3970 eaussis
1102 3915 1309 3986 utique
1336 3910 1809 3988 difficilioribus,
1847 3934 2115 3990 perroga
2131 3935 2156 3986 ‚-
2196 3936 2278 3972 ne
2296 3913 2525 3987 fortas·

548 3983 636 4037 sis
665 3983 1151 4040 antecedentium
1178 3982 1407 4053 placita
1443 3987 1747 4055 sequenda
1774 3993 2029 4059 putent,¹
2058 3987 2161 4057 qui
2184 3991 2405 4057 postea
2436 4002 2525 4041 ro·

543 4050 895 4131 gabuntur3
932 4051 1042 4108 sed
1068 4050 1318 4110 tabellis
1352 4053 1611 4109 inscribi
1622 4051 1811 4130 jube,
1846 4072 2001 4127 quas
2018 4051 2183 4116 solus
2211 4052 2423 4127 legas,
2450 4052 2520 4108 le·

549 4126 796 4191 ctas-que
812 4122 1100 4179 continuo
1117 4120 1414 4180 delendas
1427 4140 1621 4181 cures.
1653 4123 1764 4183 Sic
1779 4126 1944 4183 enim
1959 4142 2140 4186 nemo
2151 4123 2523 4185 sententiam
