2675 4642
596 273 722 355 30ss
746 228 1171 341 ramum.
1189 249 2567 345 sUPPLEMENToRnMLm.Lxxxv11.

260 495 330 550 U·
361 511 559 567 c·709·
723 494 989 560 XXVII.
1055 493 1141 550 Et
1191 487 1312 548 hos
1365 486 1629 570 quidem
1678 489 1852 551 hunc
1899 487 1985 549 ad
2016 485 2573 547 ’modum-occlusa

252 565 538 634 ·A·C·43·
599 578 824 662 porta,
888 574 1184 657 reliquos
1236 584 1468 651 aperta
1510 570 1827 654 prodidit.
1912 575 2202 652 Namque
2244 567 2363 627 sub
2399 568 2576 628 meri..

599 660 776 721 diem
819 667 1179 740 eruperunt
1222 652 1501 726 iterum,
1563 653 1986 737 incensisque
2041 649 2357 715 machinis
2411 651 2578 733 oppi-

600 741 752 801 dum
805 740 1251 822 repetierunt,
1314 733 1531 794 libero
1575 736 1812 797 relicto
1851 748 2128 818 propter
2169 733 2456 815 priorem
2490 752 2579 792 ca-

259 838 549 907 R0man05‚
602 845 742 884 sum
772 822 971 885 aditu.
1058 818 1286 900 Igitur,
1335 815 1686 893 confertim
1723 815 2239 899 irrumpentibus
2262 815 2580 889 Romanis,

220 914 320 982 qui
362 915 421 963 in
453 928 547 965 ure
601 902 912 989 oppidum
968 899 1389 984 capiebatur,
1456 898 1585 958 nisi
1639 913 1959 983 repente,
2025 897 2287 957 funibus
2348 899 2579 980 ruptis,

223 987 337 1035 hem
358 982 413 1033 ‘⁶²‘
419 996 573 1050 ''¹⁴1¹‘-
602 1001 912 1048 cataracta
948 982 1303 1044 decidiss'et.
1392 981 1542 1039 Duo
1575 982 1778 1042 millia
1814 981 2022 1042 ferme
2057 981 2478 1041 intraverant.
2521 979 2582 1052 ii,

222 1060 572 1120 7⁰²⁸¹2u⁷8²⁸⁸⁶
649 1091 797 1128 uum
836 1077 1296 1152 premerentur
1335 1083 1369 1120 a
1398 1062 1734 1136 Xanthiis,
1793 1083 2007 1146 neque
2053 1061 2420 1121 subducere
2459 1063 2585 1123 sine

631 1152 865 1212 unibus
905 1168 1167 1233 gravem
1202 1157 1498 1227 portam,
1538 1166 1752 1228 neque
1792 1144 2145 1209 concidere
2186 1157 2424 1203 tectam
2463 1144 2584 1205 fer-

596 1253 676 1294 ro
715 1234 1006 1316 poss'ent,
1066 1227 1286 1288 multis
1331 1226 1568 1287 amiss'is
1592 1270 1608 1300 ‚
1672 1228 1738 1288 in
1777 1227 2002 1291 aedem
2041 1225 2442 1310 Sarpedonis
2482 1246 2587 1310 pe-

597 1328 976 1387 netrarunt,
1026 1311 1297 1394 ejusque
1334 1309 1738 1403 munimento
1778 1330 1849 1373 se
1883 1310 2252 1371 tuebantur.

157 1513 163 1525 .
246 1464 574 1534 Atuuquf,
723 1438 1021 1501 XXVIII.
1073 1438 1203 1500 Sed
1240 1438 1470 1500 anxius
1510 1438 1593 1517 de
1628 1436 1734 1497 his
1753 1439 2044 1506 Brutus,
2098 1432 2311 1493 omnia
2353 1447 2587 1494 tentan-

227 1534 578 1591 subvenienti.
600 1517 724 1594 do,
784 1520 1070 1581 diversis
1122 1521 1407 1583 aditibus
1456 1520 1709 1594 invenit
1751 1518 1943 1581 viam.
1985 1515 2198 1600 «Alii,
2264 1516 2458 1577 scalis
2498 1514 2587 1574 in-

221 1610 348 1660 bus.
459 1615 463 1619 '
597 1600 836 1664 cendio
870 1602 1144 1676 aminis,
1193 1602 1854 1669 subito„fabricabant
1892 1619 2132 1659 novasz
2178 1596 2332 1669 alii,
2381 1612 2588 1658 anten-
2633 1636 2634 1643 κ

594 1705 713 1746 nas
756 1683 1175 1748 admoventes
1206 1686 1576 1758 moenibus,
1625 1705 1747 1768 per
1776 1704 1884 1746 eas
1918 1680 2396 1763 subrepebantt
2440 1700 2586 1740 non-

593 1766 799 1838 nulli,
847 1785 1054 1827 uncos
1101 1766 1376 1830 restibus
1423 1766 1814 1849 ejaculantes
1861 1765 1929 1824 in
1965 1783 2259 1834 murum,
2304 1762 2422 1823 ubi
2460 1761 2586 1822 sor·

593 1862 663 1911 te
726 1848 873 1932 quis
935 1847 1317 1912 adhaeserat
1341 1893 1359 1924 ,
1429 1849 1930 1912 adtollebantur.
2036 1845 2583 1915 Oenoandenses,

594 1930 803 1993 vicini
844 1930 1181 2005 Xanthiis,
1242 1946 1308 1993 et
1352 1934 1740 2017 plerumque
1782 1927 2169 1998 discordes,
2232 1927 2457 1988 notitia
2495 1926 2590 1985 lo-

597 2032 823 2075 corum
846 2054 863 2085 ,
910 2033 1033 2094 per
1072 2014 1378 2098 abruptas
1416 2038 1493 2075 ru
1544 2035 1618 2075 es
1654 2012 2112 2081 enitebantur,
2157 2010 2456 2069 Romanis
2492 2021 2584 2068 et-

594 2095 723 2156 iam
762 2094 1147 2179 quibusdam
1186 2097 1487 2180 sequenti
1537 2098 1635 2157 ua.
1683 2096 1797 2158 sed
1842 2092 2213 2155 laboriosus
2250 2091 2587 2153 adscensus

594 2176 761 2248 fuit,
827 2177 1184 2262 multique,
1238 2179 1518 2241 ¹fallente
1571 2175 1843 2261 vestigio
1897 2176 1965 2235 in
2028 2194 2352 2257 praeceps
2398 2174 2591 2258 lapsi,

592 2259 963 2343 perierunt.
1047 2261 1300 2322 Eodem
1341 2274 1638 2344 tempore
1684 2260 1943 2345 quidam
1985 2277 2249 2329 eorum,
2312 2258 2428 2340 qui
2467 2279 2593 2317 mu-

534 2396 537 2401 .
596 2361 712 2402 ros
755 2342 1333 2417 transcenderant,
1395 2344 1719 2427 portulam
1776 2339 2110 2426 quamdam
2164 2353 2594 2422 aperuerunt,

598 2437 749 2484 ante
787 2440 977 2506 quam
1012 2425 1247 2486 vallum
1290 2441 1430 2487 erat
1468 2422 1851 2487 exstructum
1894 2424 2260 2506 praeacutis
2306 2421 2594 2482 sudibus.

597 2526 800 2587 super
840 2525 948 2566 eas
986 2507 1435 2587 audacissimus
1461 2509 1738 2591 quisque
1765 2503 2365 2567 transcendentium
2388 2547 2406 2576 ,
2456 2505 2600 2565 sub-

595 2586 849 2650 levatus
905 2609 939 2648 a
988 2590 1573 2662 commilitonibus,
1639 2578 1988 2652 evadebat:
2056 2585 2267 2647 donec
2325 2606 2599 2647 numero

594 2667 723 2753 jam
756 2669 941 2730 multi
979 2685 1265 2754 portam,
1328 2692 1493 2756 quae
1519 2672 1704 2752 ‘intus
1743 2672 1929 2734 ferro
1966 2687 2098 2728 non
2142 2682 2279 2729 erat
2320 2669 2597 2742 munita,

600 2750 992 2835 distringere
1045 2769 1428 2837 coeperunt.
1519 2751 2070 2815 Adcendebantur
2122 2752 2294 2811 enim
2335 2754 2604 2833 pericu-

596 2832 667 2895 lo
704 2855 989 2907 suorum,
1034 2834 1255 2897 invadi
1286 2836 1412 2899 hos
1453 2859 1485 2897 a
1510 2836 1729 2918 Lyciis
1758 2848 2072 2917 arguente
2105 2835 2417 2895 clamore.
2479 2833 2602 2916 lgi-

598 2924 729 2989 tur,
777 2937 972 3001 quum
1007 2916 1182 2979 intus
1219 2919 1521 3003 forisque
1559 2918 1733 2978 idem
1774 2917 2037 3001 plurimi
2081 2934 2328 2977 summo
2374 2928 2607 2976 conatu

517 3044 523 3051 .
599 3013 904 3079 agerent,
956 2998 1222 3062 effracta
1254 3015 1445 3083 porta
1484 3000 1781 3061 diffiluit:
1824 2998 1903 3058 ad
1943 2999 2118 3083 quod
2160 3000 2607 3081 spectaculum

596 3078 831 3162 ingens
865 3080 1153 3144 sublatus
1184 3084 1429 3144 clamor
1456 3080 1665 3166 gestae
1694 3082 1795 3145 rei
1819 3080 2256 3165 pugnantibus
2283 3080 2609 3143 indicium

595 3160 798 3235 fecit,
846 3162 1239 3248 diremitque
1271 3179 1621 3227 certamen.
2275 3192 2280 3197 ’

262 3280 570 3353 Urbscapae‘-
720 3270 952 3330 XXIX.
1018 3271 1283 3331 Interim
1334 3272 1550 3355 ignis,
1623 3292 1658 3332 a
1718 3269 2037 3332 machinis
2093 3267 2172 3331 ad
2224 3269 2609 3353 propinqua

231 3363 354 3405 tur.
596 3352 854 3412 moenia
905 3353 1296 3426 devolutus,
1367 3355 1598 3438 pinnas
1653 3367 1720 3415 et
1768 3352 1871 3414 his
1916 3350 2610 3431 conjuncta—aedificia

597 3434 1116 3516 comprehendit.
1201 3435 1458 3498 Idcirco
1495 3440 1798 3508 Brutus,‘
1826 3434 2189 3518 perniciem
2234 3434 2482 3516 oppidi
2529 3434 2606 3494 ti-

593 3536 816 3589 mens,
868 3513 1188 3598 ,exstingui
1232 3540 1265 3577 a
1309 3519 1626 3580 militibus
1665 3516 1983 3578 flammam
2016 3517 2207 3596 jussit.
2278 3516 2405 3575 sed
2447 3516 2605 3577 haec

595 3599 674 3660 ab
715 3599 1058 3681 oppidanis⁴
1089 3598 1263 3661 ultro
1296 3601 1685 3684 augebatur,
1728 3601 1966 3684 picem,
2009 3608 2360 3669 sarmenta,
2415 3596 2600 3680 quid·

596 3681 756 3763 quid
812 3680 1044 3742 alendo
1093 3681 1232 3764 igni
1285 3681 1780 3766 reperiebatur,
1844 3680 2084 3764 cupide
2123 3679 2605 3759 injicientibus.

594 3764 786 3824 Bruti
832 3763 1050 3845 potius
1096 3762 1261 3826 hanc
1305 3766 1579 3849 patriam
1624 3766 1752 3826 esse
1796 3766 2096 3847 putares,
2162 3782 2359 3844 quum
2423 3763 2607 3823 dele-

594 3859 782 3905 retur
832 3867 866 3905 a
916 3846 1091 3920 suis,
1150 3848 1227 3907 ab
1271 3847 1399 3908 hoc
1438 3848 1928 3910 defenderetur.
2014 3847 2133 3907 Ille
2171 3858 2236 3904 et
2277 3844 2344 3902 in
2391 3844 2605 3914 urbe,

596 3938 666 3986 et
704 3926 853 4009 quia
899 3943 1172 4018 propter
1212 3931 1554 3992 tumultum
1604 3928 2110 4014 incendiumque
2147 3926 2311 3988 nihil
2337 3925 2609 4010 'profici

595 4185 647 4243 x
649 4117 812 4244 {132⁰
834 4116 1102 4243 {llas-111.
1140 4117 1301 4192 Lips.
1322 4090 1648 4177 Poliorcet.
1679 4117 1723 4176 1.
1746 4136 1801 4177 a.
1834 4117 1994 4176 Dial.
2021 4134 2074 4175 a.
2110 4114 2372 4191 Appian.
2457 4119 2608 4194 Cap.

2163 4412 2180 4449 Χ
