2675 4642
591 202 716 283 784
788 200 1184 266 FREINSH.
1227 196 2042 264 SUPPLEMENTORUM
2071 202 2219 262 Lm.
2244 199 2374 267 CV.
2452 242 2469 265 .

257 407 321 464 0.
348 425 402 465 e.
429 386 705 479 742'bus
738 427 773 466 a
809 427 879 468 se
918 405 1331 490 compositis,
1390 405 1781 490 insculpsit,
1822 406 2123 492 vitaeque
2161 407 2532 473 memoriam

250 478 411 533 A,c,
437 497 496 548 9·
584 486 779 573 prosa
821 489 1113 551 oratioue
1159 491 1586 551 consecravit.

246 599 426 655 Drusi
448 601 564 655 σίν·
706 598 813 657 IX.
881 599 1015 658 Nee
1051 596 1332 657 dubitari
1360 594 1596 678 potest,
1630 595 1935 666 ,omnibus
1973 593 2234 676 dignum
2268 595 2540 656 honori·

210 676 375 725 θ’θ’·
581 677 703 740 hus
738 678 1028 739 humanis
1062 678 1268 741 fuiss'e.
1315 697 1387 738 ac
1422 679 1668 748 nescio,
1711 700 1788 738 an
1819 678 2151 760 quisquam
2177 677 2390 759 postea
2409 681 2542 738 Ro·

581 779 913 820 manorum
951 761 1167 820 Druso
1206 760 1563 841 comparari
1598 760 1863 832 debeat,
1905 771 2168 841 praeter
2202 760 2545 822 Germani-

584 848 726 904 e'um
752 883 770 912 ,
827 841 939 923 qui
976 840 1126 910 huie
1160 841 1330 923 patri
1368 860 1484 900 suo
1526 841 1868 902 virtutibus
1906 852 1970 901 et
2016 839 2225 921 gloria
2251 883 2268 913 ,
2316 841 2435 902 sed
2482 854 2544 903 et

583 923 884 985 fortunae
916 923 1161 1004 fatique
1194 920 1640 993 similitudine,
1681 923 2012 1005 proximus
2040 921 2183 982 fuit.
2278 923 2379 983 Ad
2411 923 2546 983 bel-

582 1004 711 1066 liea
758 1019 824 1065 et
859 1003 1079 1067 civilia
1116 1005 1376 1086 negotia
1422 1006 1668 1086 pariter
1703 1016 2038 1086 promptus
2063 1044 2079 1073 ,
2144 1004 2366 1064 suavis
2415 1025 2547 1064 om·

584 1087 813 1156 nibus,
880 1086 1008 1146 sibi
1063 1087 1303 1148 amieos
1363 1105 1640 1168 aequans
1704 1084 2015 1147 benevola
2063 1083 2545 1158 aestimatione,

586 1177 885 1251 quantum
918 1167 1059 1251 ipse
1094 1182 1234 1229 erat
1260 1167 1493 1250 opibus
1526 1169 1846 1250 superior,
1892 1165 2187 1246 corporis
2222 1167 2418 1228 etiam
2452 1169 2552 1228 iu-

588 1249 758 1332 signi
802 1248 1086 1321 decore,
1151 1265 1218 1311 et
1267 1249 1747 1309 commendante
1802 1250 2014 1309 omnia
2061 1243 2228 1307 flore
2278 1250 2550 1315 aetatis:

587 1331 742 1414 quip
792 1351 828 1391 e
865 1332 1263 1393 tricesimum
1293 1350 1490 1412 agens
1527 1352 1756 1391 annum
1793 1330 2060 1392 interiit.
2143 1332 2341 1388 Manu
2434 1351 2556 1390 uo.

589 1432 716 1495 que
797 1434 1067 1484 renuus,
1121 1413 1233 1495 qui
1262 1432 1455 1494 saepe
1482 1413 1754 1473 maximo
1791 1431 1933 1474 eum
1964 1411 2344 1472 discrimine
2446 1432 2557 1472 er-

585 1513 917 1636 gianorum
946 1494 1142 1582 duqes
1185 1508 1316 1556 tota
1361 1495 1499 1557 acie
1545 1509 1949 1577 sequeretur,
1996 1493 2210 1576 opima
2242 1492 2550 1555 referen-

638 1574 659 1636 i
700 1576 947 1638 avidus.
2424 1600 2431 1607 ⁴

249 1670 564 1755 Eiuupen.
710 1681 789 1740 X.
858 1685 992 1742 Nee
1022 1680 1296 1765 adipisci
1334 1694 1575 1754 tantum
1611 1680 1941 1743 victoriam
1967 1723 1984 1751 ,
2031 1681 2147 1743 sed
2182 1697 2248 1744 et
2289 1679 2550 1743 firmare

446 1762 468 1785 ‘
591 1763 869 1824 consilio
908 1762 1218 1836 idoneus,
1284 1765 1350 1825 in
1396 1765 1656 1825 tutelam
1696 1763 2169 1845 provinciarum
2223 1764 2552 1847 praesidia

591 1844 809 1928 pass'im
857 1843 1214 1928 disposuit,
1280 1844 1628 1908 fluviorum
1669 1845 1940 1906 maxime
2000 1848 2550 1929 opportunitatem

594 1938 925 2008 sequutus.
1024 1928 1382 2011 Praecipue
1435 1926 1763 2000 Rhenum,
1834 1928 2152 1987 communi
2191 1929 2272 1988 *in
2331 1929 2550 1991 Gallos

597 2009 1369 2090 Germanosque‚tutela,
1438 2009 1895 2092 quinquaginta
1950 2010 2222 2070 circiter
2279 2007 2550 2070 castellis

596 2089 1045 2151 communivit:
1109 2111 1189 2152 ex
1231 2092 1464 2173 quibus
1504 2105 1718 2151 enatae
1765 2091 1892 2151 effe
1938 2092 2283 2173 plerasque
2333 2113 2550 2152 omnes

598 2171 894 2233 civitates
941 2172 1094 2232 satis
1133 2171 1407 2245 constat,
1473 2192 1736 2256 quarum
1779 2172 2123 2255 splendore
2148 2173 2370 2234 ‘hodie
2407 2175 2553 2234 Gal-

596 2253 720 2314 lica
763 2253 902 2335 ripa
936 2254 1059 2315 insi
1110 2255 1280 2316 niter
1309 2252 1674 2315 illustratur.
1757 2256 1999 2315 Pontes
2034 2255 2103 2314 in
2143 2255 2379 2316 eodem
2429 2267 2554 2313 a'm-

597 2355 680 2396 ne
716 2333 876 2395 duos
912 2274 1310 2408 aedificavit,
1375 2337 1455 2397 ad
1494 2338 1777 2396 Bonnam
1813 2349 1879 2396 et
1914 2339 2424 2418 Maguntiaeum,
2490 2350 2556 2397 ut

600 2416 935 2499 expeditus
976 2419 1040 2477 in
1089 2419 1494 2480 Germaniam
1548 2418 1851 2498 trajectus
1901 2419 2076 2479 effet.
2159 2419 2556 2500 Hercynium

600 2499 876 2570 saltum,
908 2498 1288 2562 inadcefl'um
1326 2499 1407 2561 ad
1441 2500 1510 2560 id
1547 2513 1815 2582 tempus,
1864 2500 2319 2597 frequentibus
2354 2502 2556 2562 vieto-

599 2581 719 2640 riis
767 2599 1155 2661 percurrens
1180 2625 1196 2652 ,
1241 2582 1587 2665 patefecit.
1670 2582 1825 2660 Ejus
1864 2582 2144 2664 demque
2183 2582 2559 2644 reverentia

600 2682 729 2720 nou
768 2674 1026 2743 pacatae
1069 2663 1259 2724 modo
1295 2677 1561 2745 gentes,
1627 2663 1743 2723 sed
1786 2664 1975 2735 etiam
2011 2663 2275 2726 hostiles
2301 2707 2319 2735 ,
2381 2665 2562 2726 fero-
2662 2694 2663 2697 ¹

604 2743 742 2804 cius
780 2763 972 2825 agere
1012 2743 1381 2807 desierunt:
1444 2766 1563 2828 per
1596 2758 1798 2806 totum
1834 2745 1995 2806 adeo
2050 2747 2263 2807 morbi
2306 2760 2557 2828 tempus
2662 2792 2663 2795 ,

602 2824 778 2886 velut
826 2825 1035 2887 tacitis
1086 2826 1366 2914 induciis
1411 2829 1686 2910 quietae.
1779 2826 1971 2889 ,Iustis
2015 2830 2235 2889 Druso
2280 2828 2558 2890 redditis

601 2906 684 2968 ad
725 2906 978 2989 publica
1013 2910 1226 2982 munia
1255 2908 1569 2980 reditum,
1634 2909 2123 2992 voluptatesque
2165 2925 2561 2993 resumptae.
2660 2952 2661 2957 κ

276 3010 471 3066 meru
724 3013 828 3075 XI.
872 3013 1141 3075 Tiberio
1176 3014 1498 3077 decretam
1537 3033 1613 3074 ex
1637 3015 1990 3075 Dalmatico
2022 3017 2390 3098 vicinisque
2424 3016 2560 3076 bel-

239 3080 431 3135 ⁰v⁶¹300
601 3092 685 3154 lis
738 3096 1097 3157 ovationem
1155 3096 1449 3159 diximus.
1510 3095 1669 3156 hanc
1724 3097 1836 3156 ille
1890 3109 2063 3157 tanto
2114 3098 2373 3181 peregit
2434 3098 2595 3158 ma-'

601 3172 1066 3257 gnifieentius,
1107 3177 1284 3262 quod
1326 3177 1663 3260 adparatus
1701 3179 1889 3239 etiam
1925 3181 2121 3245 Drusi
2167 3179 2374 3241 causs'a
2409 3180 2560 3240 facti
2658 3246 2659 3251 η

606 3254 742 3352 post
791 3274 1061 3322 mortem
1098 3259 1284 3340 hujus
1331 3262 1400 3319 in
1450 3280 1639 3318 unum
1690 3280 1910 3321 omnes
1951 3263 2283 3322 cess'erant.
2373 3264 2559 3346 Equo

607 3354 939 3414 invectus,
1002 3341 1206 3403 stratis
1247 3343 1314 3401 in
1360 3341 1678 3421 Capitolio
1716 3355 1779 3401 et
1819 3364 1936 3423 per
1975 3344 2128 3405 alias
2182 3344 2366 3404 urbis
2417 3365 2562 3426 par-

606 3431 706 3480 tes
744 3425 983 3484 mensis
1006 3467 1022 3494 ,
1085 3424 1344 3506 epulum
1376 3423 1616 3504 populo
1659 3424 1993 3506 praebuit-2
2051 3425 2440 3505 mulieribus
2472 3439 2561 3486 et-

604 3500 730 3564 iam
767 3526 800 3565 a
839 3506 1024 3569 Livia
1056 3525 1127 3567 ac
1163 3505 1332 3567 Julia
1372 3504 1627 3587 epulum
1667 3504 1895 3570 datum.
1979 3508 2206 3569 Liviae
2243 3528 2397 3570 mox
2420 3552 2437 3579 ,
2500 3512 2563 3571 in

2373 3613 2484 3654 80-

671 3773 816 3844 Cap.
851 3773 1010 3828 V111.
1046 3772 1219 3829 Ovid.
1252 3772 1327 3828 ad
1356 3774 1482 3829 Liv.
1518 3776 1584 3838 5,
1620 3777 1742 3845 337.
1776 3777 1912 3833 Dio.
1982 3779 2129 3851 Cap.
2158 3779 2256 3834 lx.
2316 3780 2560 3836 Suetou.

603 3842 747 3896 Tae.
787 3843 937 3896 Ann.
972 3860 1030 3907 2,
1062 3861 1115 3903 7.
1146 3842 1397 3915 Eutrop.
1430 3864 1496 3912 7,
1530 3848 1584 3901 8.
1622 3846 1867 3901 Sueton.
1904 3847 2074 3903 Ovid.
2113 3848 2188 3902 ad
2222 3848 2353 3904 Liv.
2384 3870 2446 3904 v.
2487 3858 2561 3917 ¹4·

603 3910 760 3964 -Vell,
800 3928 863 3976 α,
895 3928 981 3975 07.
1022 3910 1267 3967 Sueton.
1342 3916 1483 3985 Cap.
1520 3916 1586 3967 X.
1648 3915 1805 3970 Flor.
1845 3919 1979 3970 Tac.
2030 3918 2178 3974 Anu.
2211 3924 2272 3985 4,
2309 3920 2361 3975 5.
2403 3920 2561 3973 Flor.

604 3979 744 4033 Son.
770 3979 1010 4031 consol.
1047 3979 1122 4033 ad
1159 3981 1344 4034 Marc.
1379 3999 1430 4034 e.
1463 3984 1515 4038 3.
1589 3983 1737 4057 Cap.
1771 3985 1867 4040 XI.
1906 3987 2137 4059 Supra,
2178 3988 2299 4060 139,
2333 4007 2382 4045 a.
2418 3989 2564 4044 Veli.

607 4062 658 4114 a,
691 4050 778 4117 96.
817 4046 1032 4102 Euseb.
1068 4048 1295 4104 Chron.
1331 4050 1470 4104 Dio.
2342 4053 2347 4061 ’
2529 4094 2535 4100 -
