2675 4642
8 4368 11 4435 ι

8 4474 11 4575 ῑ

36 3772 41 3781 ,
104 3725 513 3807 circumjecta
549 3728 827 3810 patebat.
918 3726 1052 3792 Sed
1090 3728 1467 3813 magnitudo
1509 3752 1593 3813 pu

495 261 590 324 IN
630 257 949 325 Locum
983 259 1154 322 ΜΒ.
1203 258 1497 326 cxxiv.
1540 238 1773 328 mvii.
2024 257 2149 336 433

120 492 261 532 ram
304 472 546 543 aciem,
600 462 788 553 quam
828 462 1065 532 Caesar
1111 482 1548 554 opposuerat,
1593 470 1874 554 perfert.
1965 471 2144 534 Sini-
2206 471 2279 526 U·

117 551 317 615 strum
356 554 443 613 id:
458 553 735 614 hostium
769 571 975 614 cornu
1011 567 1187 615 eratz
1234 550 1302 612 id
1344 572 1606 637 quoque
1638 553 1970 616 circumiit
2000 575 2148 617 cum
2206 542 2258 596 A

120 636 394 718 legione
448 657 564 697 sua
607 630 928 708 Mediana,
994 634 1463 719 sequentibus,
1533 655 1697 718 quae
1729 636 1908 715 -juxta
1960 650 2185 699 erant

121 720 523 779 collocatae:
632 716 944 799 sucisque
985 717 1126 797 ejus
1169 731 1234 779 et
1270 716 1584 778 extremis
1613 717 1970 779 ordinibus
2012 718 2151 781 dis-

117 799 336 880 jectis,
388 800 456 859 in
493 739 689 862 caffra
722 799 1021 860 Caesaris
1057 795 1464 883 penetratur.
1523 820 1752 883 magna
1785 800 1879 861 ihi
1911 801 2151 864 'caedes

119 881 287 944 facta
322 902 579 955 eorum,
629 878 742 964 qui
777 880 1176 977 deprehensi
1213 881 1280 942 in
1317 880 1540 944 castris
1580 896 1789 944 erant.
1835 883 2008 944 inter
2038 903 2152 946 ce-

119 977 300 1025 teros
337 964 471 1024 duo
511 964 714 1024 millia
750 978 968 1025 occisa
1002 965 1492 1047 Spartanorum,
1538 963 1654 1048 qui
1686 983 1923 1026 recens
1952 964 2148 1028 domo

131 1047 558 1108 advenerant.
645 1048 794 1128 Ipse
836 1048 1113 1119 Caesar,
1158 1046 1414 1108 Artorii
1455 1060 1690 1129 rogatu
1728 1047 1947 1131 paullo
1992 1044 2144 1110 ante'

122 1127 340 1190 castris
392 1129 638 1200 elatus„
708 1127 979 1190 evitavit
1015 1141 1256 1190 certam
1297 1127 1702 1211 perniciem,
1766 1130 1923 1192 licet
1967 1132 2142 1191 sum-
2235 1207 2242 1211 ,

121 1231 222 1282 mo
270 1209 660 1272 discrimine
707 1228 780 1270 ac
819 1208 1128 1291 molestia.
1203 1230 1352 1270 nam
1391 1223 1459 1272 et
1495 1231 1695 1273 vacua
1728 1213 1962 1274 lectica
1998 1211 2138 1292 ejus

161 1294 269 1354 ilis
309 1307 510 1377 atque
551 1291 778 1372 jaculis
819 1291 1164 1355 transfoss'a
1202 1289 1334 1369 est3
1380 1306 1447 1355 et
1483 1293 1630 1378 ipse
1666 1292 1888 1357 triduo
1926 1294 1992 1354 in
2023 1316 2138 1379 pa-

120 1315 268 1436 fude
310 1387 664 1457 aegrotus,
720 1387 820 1448 et,
866 1388 937 1436 ut
969 1375 1267 1460 Agrippa
1301 1377 1782 1459 Maecenasque
1821 1375 2133 1451 fatentur,

120 1478 275 1540 aqua
319 1471 559 1540 supter
602 1468 813 1517 cutem
857 1457 1001 1518 fusa
1040 1456 1345 1541 turgidus
1381 1459 1588 1529 latuit,
1638 1458 1849 1520 donec
1885 1457 1965 1519 ad
1995 1458 2135 1520 An-

120 1539 279 1599 tonii
320 1559 537 1601 cornu
573 1538 727 1623 fuga
766 1539 1177 1622 perveniret.
1279 1539 1548 1602 Interim
1598 1554 1665 1602 et
1697 1543 1942 1601 Brutus
1987 1561 2133 1602 cum

120 1622 356 1683 ceteris
419 1620 636 1703 copiis
688 1635 1079 1705 perruperat
1126 1622 1427 1684 Caesaris
1481 1621 1724 1685 aciem:
1789 1619 2134 1706 stratisque

120 1704 324 1765 trihus
368 1702 782 1786 legionibus,
843 1717 910 1765 et
951 1703 1224 1766 totidem
1270 1704 1509 1788 aquilis
1549 1704 1792 1791 captis,
1840 1723 1983 1765 cum
2027 1704 2134 1766 fu-

128 1785 448 1869 gientibus
492 1783 797 1871 inijcastra
831 1783 1105 1847 hostium
1144 1787 1490 1849 inciderat.

238 1893 344 1971 IX.
395 1891 566 1952 Mira
610 1911 691 1954 eo
731 1891 840 1955 die
882 1892 1087 1956 facies
1132 1888 1562 1966 rerum'fuit,
1626 1914 1822 1978 quum
1863 1891 2134 1958 fortuna
2189 1903 2473 1973 Ambigua

120 1977 316 2058 magis
365 1975 619 2049 omnia,
663 1995 850 2058 quam
884 1988 992 2036 aut
1022 1977 1262 2039 virtute
1299 1991 1407 2041 aut
1442 1975 1721 2038 consilio
1746 2021 1762 2050 ‚
1812 1997 2126 2062 regeren-
2154 1973 2418 2028 vituli&

118 2070 239 2118 tur.
325 2061 556 2140 Itaque
600 2077 723 2119 nec
767 2058 1203 2141 scriptoribus
1252 2061 1408 2122 satis
1446 2060 1621 2122 inter
1666 2079 1737 2120 se
1783 2061 2131 2134 convenit:

116 2159 326 2223 neque
394 2140 710 2221 explicari
765 2141 1242 2224 propemodum
1306 2162 1417 2204 res
1478 2155 1638 2215 tota,
1677 2139 1925 2224 potest3
1997 2144 2132 2206 nisi

118 2222 286 2304 quod
330 2222 826 2284 hinc‘Caesaris
882 2225 1254 2297 exercitus,
1319 2224 1477 2287 inde
1510 2222 1702 2285 Cass'ii
1749 2244 1978 2286 caesus
2023 2225 2130 2287 su·
2183 2264 2198 2273 ·

119 2317 435 2388 gatusque
482 2302 605 2376 est,
682 2305 1058 2367 interfectis
1100 2307 1542 2371 Cass'ianorum
1594 2320 1744 2367 octo
1789 2306 2122 2381 millibus,

123 2386 602 2448 connumeratis
652 2400 717 2448 et
759 2389 972 2467 servis
1019 2390 1322 2465 armatis,
1371 2409 1535 2474 quos
1572 2387 1809 2470 Brigas
1853 2389 2126 2471 vocabat
2179 2464 2190 2469 ,

119 2470 396 2540 Brutus,
467 2483 533 2531 et
584 2470 1122 2532 Caesarianorum
1183 2468 1475 2534 millibus
1537 2469 1848 2533 sedecim.
1929 2469 2129 2534 castra

121 2570 240 2632 quo
291 2572 378 2612 ue
438 2551 767 2696 utrimque
825 2567 1008 2636 capta
1065 2556 1251 2616 sunt:
1324 2575 1521 2638 quum
1575 2560 1789 2636 neque
1841 2553 2122 2627 Caesar,

119 2652 238 2713 quo
315 2648 574 2695 certum
605 2654 643 2694 e
697 2676 713 2708 ‚
758 2655 996 2717 neque,
1037 2649 1114 2698 ut
1150 2658 1185 2697 a
1224 2637 1445 2698 multis
1477 2633 1563 2697 est
1592 2634 1934 2707 creditum,
1987 2636 2124 2697 An-

116 2714 371 2791 tonius,
436 2728 693 2798 pugnae
744 2715 1108 2779 adfuiss'ent.
1199 2718 1332 2780 Sed
1385 2717 1777 2790 Antoniani,
1840 2716 2123 2799 disjecto

118 2796 303 2863 cami
341 2818 585 2880 opere,
615 2819 996 2883 caesoque,
1045 2799 1515 2885 quod'aderan
1561 2799 1919 2884 praesidio,
1968 2796 2122 2862 sub-

115 2877 318 2940 miss'as
367 2883 563 2941 etiam
601 2881 842 2942 auxilio
881 2882 1104 2965 copias
1141 2879 1346 2944 statim
1378 2904 1461 2966 pe
1511 2885 1807 2954 ulerunt,
1873 2882 2118 2966 equiti-

113 2955 227 3019 bus
266 2974 582 3024 contento
620 2983 816 3037 cursu
863 2963 941 3023 ad
984 2984 1161 3024 mare
1199 2964 1481 3048 fugienti
1530 2986 1626 3029 us.
1695 2984 1818 3025 nec
1856 2964 2115 3048 pedites

114 3041 385 3104 retineri
426 3058 818 3128 potuerunt,
878 3066 1262 3142 quamquam
1308 3048 1522 3109 omnia
1557 3045 1844 3107 faciente
1877 3045 2110 3119 Cass'io,

115 3124 216 3205 qui
269 3139 336 3186 et
391 3140 688 3209 ereptum
734 3126 1016 3210 fugienti
1060 3150 1115 3189 si
1166 3127 1383 3190 nifero
1425 3128 1680 3211 signum
1717 3141 1867 3190 ante
1904 3126 2111 3209 pedes

111 3202 280 3267 humi
333 3205 674 3271 defixerat.
773 3210 1041 3272 Interim
1087 3148 1167 3272 a}
1210 3209 1408 3273 castra
1449 3211 1590 3293 ipsa
1630 3209 2113 3272 contenderunt

109 3283 347 3364 hostes,
413 3303 735 3374 quotquot
779 3291 1105 3371 objectum
1146 3314 1180 3352 a
1212 3293 1524 3357 Cass'ianis
1574 3312 1740 3376 opus
1783 3308 2106 3376 perrupe-

106 3386 280 3433 rant:
339 3392 547 3456 eaque
593 3393 703 3433 res
746 3374 1194 3436 animadversa
1246 3389 1622 3438 ceterorum
1655 3372 1873 3437 *adhuc
1919 3386 2116 3449 extra⁴

109 3453 296 3515 eastra
343 3455 767 3538 pugnantium
806 3477 1117 3539 pavorem
1156 3457 1508 3543 fugamque
1545 3457 1739 3521 auxit.

204 3554 296 3621 X.
360 3565 453 3623 Ita
494 3562 774 3636 Gallius,
836 3565 944 3626 vix
988 3564 1317 3647 praetoria
1358 3564 1631 3627 cohorte
1663 3562 1957 3637 retenta,
2026 3584 2098 3628 se
2163 3566 2481 3623 cassita?-

103 3645 352 3726 recepit
405 3645 475 3704 in
527 3644 762 3706 collem
809 3646 1309 3730 Philipporum,
1385 3647 1555 3708 unde
1594 3663 1987 3789 pros-pectus
2027 3647 2097 3708 in
2124 3638 2481 3698 etatiserror.

1625 3751 1824 3804 veris,
1874 3743 1940 3792 et
1967 3750 2099 3793 nox

163 3888 308 3961 Cap.
337 3891 502 3946 Vlss.
541 3890 695 3946 Plut.
733 3889 891 3946 Vell.
917 3909 968 3956 2,
987 3907 1075 3958 70·
1111 3890 1247 3961 Dio.
1276 3888 1543 3962 ‚Appiam
1580 3887 1734 3945 Plut.
1765 3888 1923 3946 Vell.
1954 3888 2122 3946 Dio„

103 3954 350 4028 Appian.
390 3960 555 4015 Flor.
595 3961 753 4014 Plut.
790 3961 1124 4029 Plin.7,45.
1172 3957 1595 4031 Sueton.Aug.
1621 3962 1701 4015 13.
1739 3957 1892 4013 Plut.
1946 3959 2097 4030 Cap·
2160 3990 2168 3995 -

104 4024 192 4081 lx.
231 4029 490 4100 Appian.
532 4029 681 4085 Plut.
722 4030 978 4103 Appian.
1013 4029 1167 4084 Plut.
1208 4030 1421 4085 Bruto.
1444 4039 1505 4083 et
1526 4035 1743 4086 Anton.
1783 4029 1946 4084 Flor.
1976 4029 2097 4100 Ap-

102 4094 251 4217 {iam
289 4100 444 4154 Plut.
487 4099 997 4173 Brut0.1Appian.
1071 4100 1218 4171 Cap.
1242 4101 1314 4154 X.
1351 4098 1506 4154 Plut.
1543 4098 1683 4158 Dio.
1719 4097 1885 4157 Flor.
1916 4099 2095 4161 Oros·

153 4183 353 4236 ppian.
1593 4214 1600 4223 ,

173 4251 641 4329 &ammom-Liv-
674 4254 846 4312 Tom·
870 4253 1050 4351 XIV·
1403 4240 1410 4243 i
1503 4218 1512 4225 ›
1561 4244 1625 4313 Ε
1647 4261 1690 4312 e
1781 4236 1788 4243 ⁶
