<?xml version="1.0" encoding="UTF-8"?>
<!DOCTYPE html PUBLIC "-//W3C//DTD XHTML 1.0 Transitional//EN"
    "http://www.w3.org/TR/xhtml1/DTD/xhtml1-transitional.dtd">
<html xmlns="http://www.w3.org/1999/xhtml" xml:lang="en" lang="en">
 <head>
  <title>
</title>
<meta http-equiv="Content-Type" content="text/html;charset=utf-8" />
  <meta name='ocr-system' content='tesseract 3.04.00' />
  <meta name='ocr-capabilities' content='ocr_page ocr_carea ocr_par ocr_line ocrx_word'/>
</head>
<body>
  <div class='ocr_page' id='page_1' title='image "./tliviipatavinih18unkngoog_0266.png"; bbox 0 0 2675 4642; ppageno 0'>
   <div class='ocr_carea' id='block_1_1' title="bbox 464 188 2540 300">
    <p class='ocr_par' dir='ltr' id='par_1_1' title="bbox 464 188 2540 300">
     <span class='ocr_line' id='line_1_1' title="bbox 464 188 2540 300; baseline -0.007 1"><span class='ocrx_word' id='word_1_1' title='bbox 464 206 470 218; x_wconf 83' lang='lat'><em>&#39;</em></span> <span class='ocrx_word' id='word_1_2' title='bbox 555 239 677 300; x_wconf 82' lang='lat'><strong>258</strong></span> <span class='ocrx_word' id='word_1_3' title='bbox 735 188 2540 300; x_wconf 63' lang='lat' dir='ltr'><strong>Fusiusn.suePLEMENToauM&#39;Lm&#39;.Lxxxl.</strong></span> 
     </span>
    </p>
   </div>
   <div class='ocr_carea' id='block_1_2' title="bbox 1441 362 1615 385">
    <p class='ocr_par' dir='ltr' id='par_1_2' title="bbox 1441 362 1615 385">
     <span class='ocr_line' id='line_1_2' title="bbox 1441 362 1615 385; baseline 0 -2"><span class='ocrx_word' id='word_1_4' title='bbox 1441 362 1615 385; x_wconf 58' lang='lat' dir='ltr'>—b-—-</span> 
     </span>
    </p>
   </div>
   <div class='ocr_carea' id='block_1_3' title="bbox 216 436 2627 1185">
    <p class='ocr_par' dir='ltr' id='par_1_3' title="bbox 218 436 2627 530">
     <span class='ocr_line' id='line_1_3' title="bbox 218 436 2627 530; baseline 0.001 -31"><span class='ocrx_word' id='word_1_5' title='bbox 218 443 287 499; x_wconf 84' lang='lat' dir='ltr'><strong>U.</strong></span> <span class='ocrx_word' id='word_1_6' title='bbox 324 461 380 500; x_wconf 85' lang='lat' dir='ltr'><strong>c.</strong></span> <span class='ocrx_word' id='word_1_7' title='bbox 408 436 534 514; x_wconf 66' lang='lat'><em>‘&#39;708-</em></span> <span class='ocrx_word' id='word_1_8' title='bbox 559 447 783 530; x_wconf 82' lang='lat' dir='ltr'><strong>indigno</strong></span> <span class='ocrx_word' id='word_1_9' title='bbox 820 466 913 506; x_wconf 81' lang='lat' dir='ltr'><strong>nec</strong></span> <span class='ocrx_word' id='word_1_10' title='bbox 944 449 1171 526; x_wconf 82' lang='lat' dir='ltr'><strong>petenti.</strong></span> <span class='ocrx_word' id='word_1_11' title='bbox 1253 443 1605 528; x_wconf 76' lang='lat' dir='ltr'><strong>Qamquam</strong></span> <span class='ocrx_word' id='word_1_12' title='bbox 1637 463 1770 515; x_wconf 88' lang='lat' dir='ltr'><strong>vos,</strong></span> <span class='ocrx_word' id='word_1_13' title='bbox 1816 444 1852 500; x_wconf 78' lang='grc' dir='ltr'><em>ὅ</em></span> <span class='ocrx_word' id='word_1_14' title='bbox 1877 438 1992 520; x_wconf 86' lang='lat' dir='ltr'><strong>fidi</strong></span> <span class='ocrx_word' id='word_1_15' title='bbox 2025 445 2195 514; x_wconf 84' lang='lat' dir='ltr'><strong>cives,</strong></span> <span class='ocrx_word' id='word_1_16' title='bbox 2239 440 2360 515; x_wconf 81' lang='lat' dir='ltr'><strong>hic,</strong></span> <span class='ocrx_word' id='word_1_17' title='bbox 2411 460 2627 522; x_wconf 85' lang='lat' dir='ltr'><strong>quem</strong></span> 
     </span>
    </p>

    <p class='ocr_par' dir='ltr' id='par_1_4' title="bbox 216 514 2623 1185">
     <span class='ocr_line' id='line_1_4' title="bbox 216 514 2612 604; baseline -0 -20"><span class='ocrx_word' id='word_1_18' title='bbox 216 514 293 571; x_wconf 44' lang='grc' dir='ltr'><strong>Αἱ</strong></span> <span class='ocrx_word' id='word_1_19' title='bbox 322 514 391 571; x_wconf 83' lang='lat' dir='ltr'><strong>C·</strong></span> <span class='ocrx_word' id='word_1_20' title='bbox 423 521 516 584; x_wconf 73' lang='grc'><strong>44·</strong></span> <span class='ocrx_word' id='word_1_21' title='bbox 561 533 724 589; x_wconf 85' lang='lat' dir='ltr'><strong>etiam</strong></span> <span class='ocrx_word' id='word_1_22' title='bbox 784 548 999 588; x_wconf 84' lang='lat' dir='ltr'><strong>mortuo</strong></span> <span class='ocrx_word' id='word_1_23' title='bbox 1052 526 1256 586; x_wconf 84' lang='lat' dir='ltr'><strong>habetis</strong></span> <span class='ocrx_word' id='word_1_24' title='bbox 1278 569 1295 600; x_wconf 98' lang='lat'><strong>,</strong></span> <span class='ocrx_word' id='word_1_25' title='bbox 1367 535 1535 585; x_wconf 80' lang='lat' dir='ltr'><strong>honor</strong></span> <span class='ocrx_word' id='word_1_26' title='bbox 1591 523 1656 583; x_wconf 86' lang='lat' dir='ltr'><strong>ab</strong></span> <span class='ocrx_word' id='word_1_27' title='bbox 1712 525 1825 583; x_wconf 56' lang='lat' dir='ltr'><em>hocs</em></span> <span class='ocrx_word' id='word_1_28' title='bbox 1860 526 2085 584; x_wconf 83' lang='lat' dir='ltr'><strong>crimine</strong></span> <span class='ocrx_word' id='word_1_29' title='bbox 2124 522 2270 604; x_wconf 57' lang='lat' dir='ltr'><strong>stitis</strong></span> <span class='ocrx_word' id='word_1_30' title='bbox 2323 521 2612 583; x_wconf 82' lang='lat' dir='ltr'><strong>liberat.</strong></span> 
     </span>
     <span class='ocr_line' id='line_1_5' title="bbox 560 603 2621 689; baseline -0.003 -17"><span class='ocrx_word' id='word_1_31' title='bbox 560 609 906 672; x_wconf 85' lang='lat' dir='ltr'><strong>Praeleoto</strong></span> <span class='ocrx_word' id='word_1_32' title='bbox 946 608 1185 672; x_wconf 89' lang='lat' dir='ltr'><strong>deinde</strong></span> <span class='ocrx_word' id='word_1_33' title='bbox 1223 603 1684 689; x_wconf 86' lang='lat' dir='ltr'><strong>jurejurando,</strong></span> <span class='ocrx_word' id='word_1_34' title='bbox 1732 624 1861 688; x_wconf 90' lang='lat' dir='ltr'><strong>quo</strong></span> <span class='ocrx_word' id='word_1_35' title='bbox 1898 624 1970 665; x_wconf 85' lang='lat' dir='ltr'><strong>se</strong></span> <span class='ocrx_word' id='word_1_36' title='bbox 2012 626 2135 689; x_wconf 88' lang='lat' dir='ltr'><strong>pro</strong></span> <span class='ocrx_word' id='word_1_37' title='bbox 2173 606 2380 666; x_wconf 89' lang='lat' dir='ltr'><strong>salute</strong></span> <span class='ocrx_word' id='word_1_38' title='bbox 2422 604 2621 684; x_wconf 82' lang='lat' dir='ltr'><strong>ejus</strong></span> 
     </span>
     <span class='ocr_line' id='line_1_6' title="bbox 559 686 2611 770; baseline -0.003 -16"><span class='ocrx_word' id='word_1_39' title='bbox 559 690 1025 754; x_wconf 79' lang='lat' dir='ltr'><strong>adstrinxerant</strong></span> <span class='ocrx_word' id='word_1_40' title='bbox 1071 711 1333 763; x_wconf 69' lang='lat' dir='ltr'><strong>omnes»,</strong></span> <span class='ocrx_word' id='word_1_41' title='bbox 1389 688 1990 770; x_wconf 81' lang='lat' dir='ltr'><strong>exsecrabilemque</strong></span> <span class='ocrx_word' id='word_1_42' title='bbox 2041 686 2168 749; x_wconf 78' lang='lat' dir='ltr'><strong>ess&#39;e</strong></span> <span class='ocrx_word' id='word_1_43' title='bbox 2208 686 2548 768; x_wconf 79' lang='lat' dir='ltr'><strong>juss&#39;erant</strong></span> <span class='ocrx_word' id='word_1_44' title='bbox 2580 729 2611 760; x_wconf 85' lang='lat'><strong>‚</strong></span> 
     </span>
     <span class='ocr_line' id='line_1_7' title="bbox 561 768 2623 858; baseline -0.002 -23"><span class='ocrx_word' id='word_1_45' title='bbox 561 774 676 858; x_wconf 89' lang='lat' dir='ltr'><strong>qui</strong></span> <span class='ocrx_word' id='word_1_46' title='bbox 713 795 842 834; x_wconf 91' lang='lat' dir='ltr'><strong>non</strong></span> <span class='ocrx_word' id='word_1_47' title='bbox 877 773 1252 836; x_wconf 69' lang='lat' dir='ltr'><strong>vindicasset</strong></span> <span class='ocrx_word' id='word_1_48' title='bbox 1286 772 1562 856; x_wconf 85' lang='lat' dir='ltr'><strong>petitum</strong></span> <span class='ocrx_word' id='word_1_49' title='bbox 1597 768 1898 846; x_wconf 82' lang='lat' dir='ltr'><strong>insidiis3</strong></span> <span class='ocrx_word' id='word_1_50' title='bbox 1944 769 2419 831; x_wconf 70' lang='lat' dir='ltr'><strong>contentissima</strong></span> <span class='ocrx_word' id='word_1_51' title='bbox 2455 789 2623 832; x_wconf 81' lang='lat' dir='ltr'><strong>vo-</strong></span> 
     </span>
     <span class='ocr_line' id='line_1_8' title="bbox 562 851 2612 938; baseline -0.001 -21"><span class='ocrx_word' id='word_1_52' title='bbox 562 877 639 917; x_wconf 88' lang='lat' dir='ltr'><strong>ce</strong></span> <span class='ocrx_word' id='word_1_53' title='bbox 697 877 1016 938; x_wconf 87' lang='lat' dir='ltr'><strong>manuque</strong></span> <span class='ocrx_word' id='word_1_54' title='bbox 1064 856 1146 917; x_wconf 87' lang='lat' dir='ltr'><strong>ad</strong></span> <span class='ocrx_word' id='word_1_55' title='bbox 1192 854 1585 937; x_wconf 82' lang='lat' dir='ltr'><strong>Capitolium</strong></span> <span class='ocrx_word' id='word_1_56' title='bbox 1639 851 1921 925; x_wconf 85' lang='lat' dir='ltr'><strong>sublata,</strong></span> <span class='ocrx_word' id='word_1_57' title='bbox 1984 851 2239 927; x_wconf 84' lang='lat' dir='ltr'><strong>Juravi,</strong></span> <span class='ocrx_word' id='word_1_58' title='bbox 2292 852 2552 936; x_wconf 61' lang='lat' dir='ltr'><strong>⁸inquit</strong></span> <span class='ocrx_word' id='word_1_59' title='bbox 2581 894 2612 925; x_wconf 90' lang='lat'>‚</span> 
     </span>
     <span class='ocr_line' id='line_1_9' title="bbox 558 932 2618 1081; baseline -0.002 -84"><span class='ocrx_word' id='word_1_60' title='bbox 558 937 808 1081; x_wconf 59' lang='lat' dir='ltr'><strong>Zupiter</strong></span> <span class='ocrx_word' id='word_1_61' title='bbox 835 940 1048 1020; x_wconf 80' lang='lat' dir='ltr'><strong>Diique</strong></span> <span class='ocrx_word' id='word_1_62' title='bbox 1077 942 1279 1012; x_wconf 85' lang='lat' dir='ltr'><strong>ceteri,</strong></span> <span class='ocrx_word' id='word_1_63' title='bbox 1338 956 1394 996; x_wconf 84' lang='lat' dir='ltr'><strong>et</strong></span> <span class='ocrx_word' id='word_1_64' title='bbox 1469 952 1661 994; x_wconf 65' lang='lat' dir='ltr'><strong>aratus</strong></span> <span class='ocrx_word' id='word_1_65' title='bbox 1703 942 1852 1012; x_wconf 72' lang='lat' dir='ltr'><strong>eram</strong></span> <span class='ocrx_word' id='word_1_66' title='bbox 1890 933 2091 1014; x_wconf 75' lang='lat' dir='ltr'><strong>ulcifii.</strong></span> <span class='ocrx_word' id='word_1_67' title='bbox 2139 932 2282 1014; x_wconf 74' lang='lat' dir='ltr'><strong>fid,</strong></span> <span class='ocrx_word' id='word_1_68' title='bbox 2338 936 2618 1015; x_wconf 81' lang='lat' dir='ltr'><strong>quando</strong></span> 
     </span>
     <span class='ocr_line' id='line_1_10' title="bbox 597 1013 2598 1101; baseline -0.002 -24"><span class='ocrx_word' id='word_1_69' title='bbox 597 1040 684 1080; x_wconf 81' lang='lat' dir='ltr'><strong>aec</strong></span> <span class='ocrx_word' id='word_1_70' title='bbox 723 1024 905 1101; x_wconf 79' lang='lat' dir='ltr'><strong>potius</strong></span> <span class='ocrx_word' id='word_1_71' title='bbox 948 1022 1168 1080; x_wconf 84' lang='lat' dir='ltr'><strong>decerni</strong></span> <span class='ocrx_word' id='word_1_72' title='bbox 1208 1041 1237 1080; x_wconf 86' lang='lat' dir='ltr'><strong>e</strong></span> <span class='ocrx_word' id='word_1_73' title='bbox 1279 1036 1413 1101; x_wconf 81' lang='lat' dir='ltr'><strong>repu</strong></span> <span class='ocrx_word' id='word_1_74' title='bbox 1449 1017 1552 1079; x_wconf 82' lang='lat' dir='ltr'><strong>lica</strong></span> <span class='ocrx_word' id='word_1_75' title='bbox 1605 1015 1778 1099; x_wconf 76' lang='lat' dir='ltr'><strong>vificm</strong></span> <span class='ocrx_word' id='word_1_76' title='bbox 1829 1015 1904 1095; x_wconf 70' lang='lat' dir='ltr'><strong>ql}</strong></span> <span class='ocrx_word' id='word_1_77' title='bbox 1946 1013 2212 1079; x_wconf 79' lang='lat' dir='ltr'><strong>Patribus</strong></span> <span class='ocrx_word' id='word_1_78' title='bbox 2230 1058 2248 1090; x_wconf 93' lang='lat'><strong>,</strong></span> <span class='ocrx_word' id='word_1_79' title='bbox 2311 1032 2543 1098; x_wconf 83' lang='lat' dir='ltr'><strong>precor</strong></span> <span class='ocrx_word' id='word_1_80' title='bbox 2563 1058 2598 1090; x_wconf 81' lang='lat'><strong>,</strong></span> 
     </span>
     <span class='ocr_line' id='line_1_11' title="bbox 555 1099 1693 1185; baseline -0.001 -22"><span class='ocrx_word' id='word_1_81' title='bbox 555 1121 621 1163; x_wconf 82' lang='lat' dir='ltr'><strong>ut</strong></span> <span class='ocrx_word' id='word_1_82' title='bbox 647 1101 767 1185; x_wconf 78' lang='lat' dir='ltr'><strong>sim</strong></span> <span class='ocrx_word' id='word_1_83' title='bbox 815 1099 999 1163; x_wconf 59' lang='lat' dir='ltr'><strong>maim</strong></span> <span class='ocrx_word' id='word_1_84' title='bbox 1592 1126 1597 1131; x_wconf 83' lang='lat'><strong>·</strong></span> <span class='ocrx_word' id='word_1_85' title='bbox 1690 1106 1693 1111; x_wconf 70' lang='lat'><em>&#39;</em></span> 
     </span>
    </p>
   </div>
   <div class='ocr_carea' id='block_1_4' title="bbox 445 1229 2602 1974">
    <p class='ocr_par' dir='ltr' id='par_1_5' title="bbox 445 1229 2602 1644">
     <span class='ocr_line' id='line_1_12' title="bbox 445 1229 2595 1306; baseline -0.004 -5"><span class='ocrx_word' id='word_1_86' title='bbox 445 1236 459 1247; x_wconf 75' lang='lat'>‘</span> <span class='ocrx_word' id='word_1_87' title='bbox 507 1294 513 1301; x_wconf 82' lang='grc'><strong><em>,</em></strong></span> <span class='ocrx_word' id='word_1_88' title='bbox 679 1233 815 1297; x_wconf 87' lang='lat' dir='ltr'><strong>CV.</strong></span> <span class='ocrx_word' id='word_1_89' title='bbox 877 1232 1446 1295; x_wconf 70' lang='lat' dir='ltr'><strong>&#39;I‘umultuantibus</strong></span> <span class='ocrx_word' id='word_1_90' title='bbox 1502 1229 1587 1293; x_wconf 83' lang='lat' dir='ltr'><strong>ad</strong></span> <span class='ocrx_word' id='word_1_91' title='bbox 1632 1231 1799 1297; x_wconf 83' lang='lat' dir='ltr'><strong>haee</strong></span> <span class='ocrx_word' id='word_1_92' title='bbox 1847 1231 2051 1297; x_wconf 79' lang='lat' dir='ltr'><strong>verba</strong></span> <span class='ocrx_word' id='word_1_93' title='bbox 2101 1229 2542 1294; x_wconf 79' lang='lat' dir='ltr'><strong>senatoribus</strong></span> <span class='ocrx_word' id='word_1_94' title='bbox 2567 1272 2595 1306; x_wconf 90' lang='lat'><strong>,</strong></span> 
     </span>
     <span class='ocr_line' id='line_1_13' title="bbox 552 1311 2602 1400; baseline 0 -24"><span class='ocrx_word' id='word_1_95' title='bbox 552 1335 678 1377; x_wconf 84' lang='lat' dir='ltr'><strong>nee</strong></span> <span class='ocrx_word' id='word_1_96' title='bbox 713 1315 887 1376; x_wconf 89' lang='lat' dir='ltr'><strong>enim</strong></span> <span class='ocrx_word' id='word_1_97' title='bbox 925 1314 1204 1379; x_wconf 62' lang='lat' dir='ltr'><strong>obscure</strong></span> <span class='ocrx_word' id='word_1_98' title='bbox 1242 1315 1670 1400; x_wconf 80' lang='lat' dir='ltr'><strong>petebantur,</strong></span> <span class='ocrx_word' id='word_1_99' title='bbox 1717 1315 1797 1377; x_wconf 85' lang='lat' dir='ltr'><strong>ad</strong></span> <span class='ocrx_word' id='word_1_100' title='bbox 1832 1314 2203 1377; x_wconf 87' lang='lat' dir='ltr'><strong>leniendam</strong></span> <span class='ocrx_word' id='word_1_101' title='bbox 2238 1311 2602 1376; x_wconf 71' lang='lat' dir='ltr'><strong>offensam</strong></span> 
     </span>
     <span class='ocr_line' id='line_1_14' title="bbox 559 1397 2599 1480; baseline -0.001 -20"><span class='ocrx_word' id='word_1_102' title='bbox 559 1397 874 1479; x_wconf 73' lang='lat' dir='ltr'><strong>subjecitt</strong></span> <span class='ocrx_word' id='word_1_103' title='bbox 934 1400 1042 1459; x_wconf 86' lang='lat' dir='ltr'><strong>Sed</strong></span> <span class='ocrx_word' id='word_1_104' title='bbox 1087 1417 1301 1479; x_wconf 82' lang='lat' dir='ltr'><em>oportet</em></span> <span class='ocrx_word' id='word_1_105' title='bbox 1318 1440 1336 1472; x_wconf 88' lang='lat'><strong>,</strong></span> <span class='ocrx_word' id='word_1_106' title='bbox 1384 1397 1646 1480; x_wconf 68' lang='lat' dir='ltr'><strong>,Quirites</strong></span> <span class='ocrx_word' id='word_1_107' title='bbox 1665 1440 1684 1471; x_wconf 93' lang='lat'><strong>,</strong></span> <span class='ocrx_word' id='word_1_108' title='bbox 1740 1400 2045 1476; x_wconf 77' lang='lat' dir='ltr'><strong>exzstimare</strong></span> <span class='ocrx_word' id='word_1_109' title='bbox 2063 1438 2081 1471; x_wconf 91' lang='lat'><strong>,</strong></span> <span class='ocrx_word' id='word_1_110' title='bbox 2128 1397 2382 1458; x_wconf 81' lang='lat' dir='ltr'><em>Deorum</em></span> <span class='ocrx_word' id='word_1_111' title='bbox 2423 1398 2599 1457; x_wconf 78' lang='lat' dir='ltr'><strong>hanc</strong></span> 
     </span>
     <span class='ocr_line' id='line_1_15' title="bbox 547 1478 2594 1562; baseline -0 -23"><span class='ocrx_word' id='word_1_112' title='bbox 547 1485 737 1561; x_wconf 85' lang='lat' dir='ltr'><strong>potius</strong></span> <span class='ocrx_word' id='word_1_113' title='bbox 777 1480 1071 1553; x_wconf 82' lang='lat' dir='ltr'><strong>invidiam,</strong></span> <span class='ocrx_word' id='word_1_114' title='bbox 1116 1499 1278 1560; x_wconf 83' lang='lat' dir='ltr'><strong>quam</strong></span> <span class='ocrx_word' id='word_1_115' title='bbox 1316 1478 1633 1539; x_wconf 81' lang='lat' dir='ltr'><em>mortalium</em></span> <span class='ocrx_word' id='word_1_116' title='bbox 1655 1480 1877 1561; x_wconf 85' lang='lat' dir='ltr'><strong>factum</strong></span> <span class='ocrx_word' id='word_1_117' title='bbox 1900 1478 2109 1562; x_wconf 67' lang='lat' dir='ltr'><strong>suff:</strong></span> <span class='ocrx_word' id='word_1_118' title='bbox 2169 1483 2449 1561; x_wconf 78' lang='lat' dir='ltr'><em>magisque</em></span> <span class='ocrx_word' id='word_1_119' title='bbox 2502 1478 2594 1538; x_wconf 75' lang='lat' dir='ltr'><strong>de</strong></span> 
     </span>
     <span class='ocr_line' id='line_1_16' title="bbox 545 1558 2593 1644; baseline -0 -23"><span class='ocrx_word' id='word_1_120' title='bbox 545 1560 922 1644; x_wconf 68' lang='lat' dir='ltr'><strong>praesentibus</strong></span> <span class='ocrx_word' id='word_1_121' title='bbox 942 1605 961 1635; x_wconf 94' lang='lat'><strong>,</strong></span> <span class='ocrx_word' id='word_1_122' title='bbox 1026 1571 1185 1641; x_wconf 68' lang='lat' dir='ltr'><strong>quam</strong></span> <span class='ocrx_word' id='word_1_123' title='bbox 1225 1563 1542 1642; x_wconf 76' lang='lat' dir='ltr'><strong>praeteritis</strong></span> <span class='ocrx_word' id='word_1_124' title='bbox 1561 1602 1585 1634; x_wconf 81' lang='lat'><strong>,</strong></span> <span class='ocrx_word' id='word_1_125' title='bbox 1645 1558 1747 1642; x_wconf 70' lang='lat' dir='ltr'><strong>effi</strong></span> <span class='ocrx_word' id='word_1_126' title='bbox 1787 1560 2080 1643; x_wconf 73' lang='lat' dir='ltr'><strong>sollicitos.</strong></span> <span class='ocrx_word' id='word_1_127' title='bbox 2165 1580 2358 1644; x_wconf 81' lang='lat' dir='ltr'><strong>magna</strong></span> <span class='ocrx_word' id='word_1_128' title='bbox 2413 1564 2593 1620; x_wconf 77' lang='lat' dir='ltr'><strong>enim</strong></span> 
     </span>
    </p>

    <p class='ocr_par' dir='ltr' id='par_1_6' title="bbox 509 1638 2590 1974">
     <span class='ocr_line' id='line_1_17' title="bbox 509 1638 2590 1725; baseline 0 -22"><span class='ocrx_word' id='word_1_129' title='bbox 509 1668 514 1679; x_wconf 28' lang='grc' dir='ltr'><em>ί</em></span> <span class='ocrx_word' id='word_1_130' title='bbox 553 1664 650 1704; x_wconf 89' lang='lat' dir='ltr'><strong>nos</strong></span> <span class='ocrx_word' id='word_1_131' title='bbox 680 1643 926 1725; x_wconf 79' lang='lat' dir='ltr'><strong>pericula</strong></span> <span class='ocrx_word' id='word_1_132' title='bbox 965 1643 1310 1722; x_wconf 75' lang='lat' dir='ltr'><strong>circumstant</strong></span> <span class='ocrx_word' id='word_1_133' title='bbox 1332 1685 1350 1716; x_wconf 89' lang='lat'><strong>,</strong></span> <span class='ocrx_word' id='word_1_134' title='bbox 1415 1661 1468 1702; x_wconf 84' lang='lat' dir='ltr'><strong>et</strong></span> <span class='ocrx_word' id='word_1_135' title='bbox 1487 1685 1505 1716; x_wconf 90' lang='lat'>‚</span> <span class='ocrx_word' id='word_1_136' title='bbox 1550 1638 1614 1721; x_wconf 74' lang='lat' dir='ltr'><em>st</em></span> <span class='ocrx_word' id='word_1_137' title='bbox 1644 1648 1848 1704; x_wconf 85' lang='lat' dir='ltr'><strong>iterum</strong></span> <span class='ocrx_word' id='word_1_138' title='bbox 1884 1644 1960 1713; x_wconf 83' lang='lat' dir='ltr'><strong>ad</strong></span> <span class='ocrx_word' id='word_1_139' title='bbox 1993 1655 2149 1704; x_wconf 80' lang='lat' dir='ltr'><strong>arma</strong></span> <span class='ocrx_word' id='word_1_140' title='bbox 2180 1647 2337 1713; x_wconf 83' lang='lat' dir='ltr'><strong>itur,</strong></span> <span class='ocrx_word' id='word_1_141' title='bbox 2380 1647 2590 1703; x_wconf 78' lang='lat' dir='ltr'><strong>omnis·</strong></span> 
     </span>
     <span class='ocr_line' id='line_1_18' title="bbox 528 1721 2588 1809; baseline -0.001 -22"><span class='ocrx_word' id='word_1_142' title='bbox 528 1727 766 1808; x_wconf 74' lang='lat' dir='ltr'><strong>,reliqua</strong></span> <span class='ocrx_word' id='word_1_143' title='bbox 803 1723 1061 1785; x_wconf 83' lang='lat' dir='ltr'><em>nobilitas</em></span> <span class='ocrx_word' id='word_1_144' title='bbox 1099 1730 1291 1805; x_wconf 83' lang='lat' dir='ltr'><strong>periit.</strong></span> <span class='ocrx_word' id='word_1_145' title='bbox 1394 1721 1572 1809; x_wconf 74' lang='lat' dir='ltr'><strong>Qod</strong></span> <span class='ocrx_word' id='word_1_146' title='bbox 1606 1728 1784 1808; x_wconf 84' lang='lat' dir='ltr'><strong>igitur</strong></span> <span class='ocrx_word' id='word_1_147' title='bbox 1803 1723 2084 1806; x_wconf 84' lang='lat' dir='ltr'><strong>superest,</strong></span> <span class='ocrx_word' id='word_1_148' title='bbox 2127 1723 2268 1786; x_wconf 79' lang='lat' dir='ltr'><em>bunc</em></span> <span class='ocrx_word' id='word_1_149' title='bbox 2296 1724 2588 1785; x_wconf 78' lang='lat' dir='ltr'><em>Deorum</em></span> 
     </span>
     <span class='ocr_line' id='line_1_19' title="bbox 549 1792 2583 1890; baseline -0 -22"><span class='ocrx_word' id='word_1_150' title='bbox 549 1829 772 1868; x_wconf 83' lang='lat' dir='ltr'><strong>numero</strong></span> <span class='ocrx_word' id='word_1_151' title='bbox 815 1807 1149 1888; x_wconf 84' lang='lat' dir='ltr'><strong>adscriptum</strong></span> <span class='ocrx_word' id='word_1_152' title='bbox 1188 1807 1457 1885; x_wconf 74' lang='lat' dir='ltr'><strong>destinata</strong></span> <span class='ocrx_word' id='word_1_153' title='bbox 1493 1825 1687 1890; x_wconf 81' lang='lat' dir='ltr'><strong>pompa</strong></span> <span class='ocrx_word' id='word_1_154' title='bbox 1727 1808 2050 1870; x_wconf 72' lang='lat' dir='ltr'><em>deducamus</em></span> <span class='ocrx_word' id='word_1_155' title='bbox 2068 1848 2086 1882; x_wconf 95' lang='lat'><strong>,</strong></span> <span class='ocrx_word' id='word_1_156' title='bbox 2141 1792 2334 1868; x_wconf 71' lang='lat' dir='ltr'><strong>laudes</strong></span> <span class='ocrx_word' id='word_1_157' title='bbox 2378 1805 2583 1867; x_wconf 83' lang='lat' dir='ltr'><strong>lacri-</strong></span> 
     </span>
     <span class='ocr_line' id='line_1_20' title="bbox 550 1888 2553 1974; baseline -0 -23"><span class='ocrx_word' id='word_1_158' title='bbox 550 1910 766 1972; x_wconf 83' lang='lat' dir='ltr'><em>masque</em></span> <span class='ocrx_word' id='word_1_159' title='bbox 805 1889 1011 1949; x_wconf 72' lang='lat' dir='ltr'><strong>debitas</strong></span> <span class='ocrx_word' id='word_1_160' title='bbox 1047 1888 1424 1974; x_wconf 67' lang='lat' dir='ltr'><strong>perfilvendo.</strong></span> <span class='ocrx_word' id='word_1_161' title='bbox 1922 1892 1925 1899; x_wconf 85' lang='lat'>&#39;</span> <span class='ocrx_word' id='word_1_162' title='bbox 2288 1892 2299 1918; x_wconf 70' lang='lat'>²</span> <span class='ocrx_word' id='word_1_163' title='bbox 2538 1922 2553 1928; x_wconf 90' lang='lat'><strong>·</strong></span> 
     </span>
    </p>
   </div>
   <div class='ocr_carea' id='block_1_5' title="bbox 195 2008 2581 3002">
    <p class='ocr_par' dir='ltr' id='par_1_7' title="bbox 195 2008 2581 2764">
     <span class='ocr_line' id='line_1_21' title="bbox 195 2008 2577 2097; baseline -0.002 -19"><span class='ocrx_word' id='word_1_164' title='bbox 195 2025 523 2096; x_wconf 69' lang='lat' dir='ltr'><strong>Essacsum.</strong></span> <span class='ocrx_word' id='word_1_165' title='bbox 675 2013 839 2077; x_wconf 86' lang='lat' dir='ltr'><strong>CVI.</strong></span> <span class='ocrx_word' id='word_1_166' title='bbox 909 2013 1090 2075; x_wconf 83' lang='lat' dir='ltr'><strong>Haec</strong></span> <span class='ocrx_word' id='word_1_167' title='bbox 1131 2011 1474 2097; x_wconf 86' lang='lat' dir='ltr'><strong>loquutus,</strong></span> <span class='ocrx_word' id='word_1_168' title='bbox 1542 2010 1716 2076; x_wconf 80' lang='lat' dir='ltr'><strong>veste</strong></span> <span class='ocrx_word' id='word_1_169' title='bbox 1761 2013 2015 2097; x_wconf 77' lang='lat' dir='ltr'><strong>raptim.</strong></span> <span class='ocrx_word' id='word_1_170' title='bbox 2048 2008 2577 2076; x_wconf 73' lang='lat' dir='ltr'><strong>more-fanatici</strong></span> 
     </span>
     <span class='ocr_line' id='line_1_22' title="bbox 550 2093 2581 2179; baseline -0.001 -22"><span class='ocrx_word' id='word_1_171' title='bbox 550 2095 881 2175; x_wconf 84' lang='lat' dir='ltr'><strong>eujusdam</strong></span> <span class='ocrx_word' id='word_1_172' title='bbox 920 2094 1271 2167; x_wconf 87' lang='lat' dir='ltr'><strong>subducta,</strong></span> <span class='ocrx_word' id='word_1_173' title='bbox 1317 2094 1596 2156; x_wconf 83' lang='lat' dir='ltr'><strong>accinxit</strong></span> <span class='ocrx_word' id='word_1_174' title='bbox 1636 2116 1806 2169; x_wconf 89' lang='lat' dir='ltr'><strong>sese,</strong></span> <span class='ocrx_word' id='word_1_175' title='bbox 1853 2098 2223 2179; x_wconf 87' lang='lat' dir='ltr'><strong>lectumque</strong></span> <span class='ocrx_word' id='word_1_176' title='bbox 2269 2093 2581 2157; x_wconf 75' lang='lat' dir='ltr'><strong>subinde</strong></span> 
     </span>
     <span class='ocr_line' id='line_1_23' title="bbox 549 2174 2574 2263; baseline -0.001 -25"><span class='ocrx_word' id='word_1_177' title='bbox 549 2179 856 2261; x_wconf 83' lang='lat' dir='ltr'><strong>aperiens</strong></span> <span class='ocrx_word' id='word_1_178' title='bbox 894 2192 958 2238; x_wconf 89' lang='lat' dir='ltr'><strong>et</strong></span> <span class='ocrx_word' id='word_1_179' title='bbox 993 2176 1697 2258; x_wconf 62' lang='lat' dir='ltr'><strong>introspiciens‘multa</strong></span> <span class='ocrx_word' id='word_1_180' title='bbox 1736 2179 2152 2263; x_wconf 81' lang='lat' dir='ltr'><strong>querebatur.</strong></span> <span class='ocrx_word' id='word_1_181' title='bbox 2198 2174 2574 2261; x_wconf 83' lang='lat' dir='ltr'><strong>postremo,</strong></span> 
     </span>
     <span class='ocr_line' id='line_1_24' title="bbox 550 2256 2579 2343; baseline -0.002 -21"><span class='ocrx_word' id='word_1_182' title='bbox 550 2260 1109 2343; x_wconf 79' lang='lat' dir='ltr'><strong>sanguinolentam</strong></span> <span class='ocrx_word' id='word_1_183' title='bbox 1145 2259 1447 2322; x_wconf 78' lang='lat' dir='ltr'><strong>Caesaris</strong></span> <span class='ocrx_word' id='word_1_184' title='bbox 1487 2256 1720 2323; x_wconf 81' lang='lat' dir='ltr'><strong>vestem</strong></span> <span class='ocrx_word' id='word_1_185' title='bbox 1761 2275 1956 2322; x_wconf 88' lang='lat' dir='ltr'><strong>conto</strong></span> <span class='ocrx_word' id='word_1_186' title='bbox 1990 2260 2301 2322; x_wconf 78' lang='lat' dir='ltr'><strong>sublatam</strong></span> <span class='ocrx_word' id='word_1_187' title='bbox 2330 2277 2421 2319; x_wconf 80' lang='lat' dir='ltr'><strong>ex</strong></span> <span class='ocrx_word' id='word_1_188' title='bbox 2476 2259 2579 2318; x_wconf 84' lang='lat' dir='ltr'><strong>li.-</strong></span> 
     </span>
     <span class='ocr_line' id='line_1_25' title="bbox 548 2281 2581 2425; baseline -0.002 -20"><span class='ocrx_word' id='word_1_189' title='bbox 548 2362 739 2414; x_wconf 84' lang='lat' dir='ltr'><strong>cans,</strong></span> <span class='ocrx_word' id='word_1_190' title='bbox 810 2341 1271 2425; x_wconf 82' lang='lat' dir='ltr'><strong>indignamque</strong></span> <span class='ocrx_word' id='word_1_191' title='bbox 1322 2342 1453 2406; x_wconf 80' lang='lat' dir='ltr'><strong>viri</strong></span> <span class='ocrx_word' id='word_1_192' title='bbox 1502 2362 1731 2404; x_wconf 88' lang='lat' dir='ltr'><strong>necem</strong></span> <span class='ocrx_word' id='word_1_193' title='bbox 1777 2343 2165 2415; x_wconf 83' lang='lat' dir='ltr'><strong>miseratus,</strong></span> <span class='ocrx_word' id='word_1_194' title='bbox 2232 2281 2581 2425; x_wconf 57' lang='lat' dir='ltr'><strong>popufum</strong></span> 
     </span>
     <span class='ocr_line' id='line_1_26' title="bbox 547 2421 2578 2507; baseline -0.004 -21"><span class='ocrx_word' id='word_1_195' title='bbox 547 2424 754 2486; x_wconf 77' lang='lat' dir='ltr'><strong>veluti</strong></span> <span class='ocrx_word' id='word_1_196' title='bbox 791 2424 1020 2486; x_wconf 85' lang='lat' dir='ltr'><strong>furore</strong></span> <span class='ocrx_word' id='word_1_197' title='bbox 1059 2423 1335 2507; x_wconf 88' lang='lat' dir='ltr'><strong>quodam</strong></span> <span class='ocrx_word' id='word_1_198' title='bbox 1372 2422 1811 2486; x_wconf 76' lang='lat' dir='ltr'><strong>inflammavit.</strong></span> <span class='ocrx_word' id='word_1_199' title='bbox 1899 2425 2326 2485; x_wconf 87' lang='lat' dir='ltr'><strong>Adeess&#39;erunt</strong></span> <span class='ocrx_word' id='word_1_200' title='bbox 2358 2421 2578 2483; x_wconf 86' lang='lat' dir='ltr'><strong>dein..</strong></span> 
     </span>
     <span class='ocr_line' id='line_1_27' title="bbox 548 2505 2578 2589; baseline -0.001 -23"><span class='ocrx_word' id='word_1_201' title='bbox 548 2506 632 2567; x_wconf 84' lang='lat' dir='ltr'><strong>de</strong></span> <span class='ocrx_word' id='word_1_202' title='bbox 686 2506 858 2569; x_wconf 89' lang='lat' dir='ltr'><strong>inter</strong></span> <span class='ocrx_word' id='word_1_203' title='bbox 908 2505 1099 2581; x_wconf 83' lang='lat' dir='ltr'><strong>ludos</strong></span> <span class='ocrx_word' id='word_1_204' title='bbox 1148 2526 1229 2566; x_wconf 87' lang='lat' dir='ltr'><strong>ex</strong></span> <span class='ocrx_word' id='word_1_205' title='bbox 1270 2507 1489 2589; x_wconf 71' lang='lat' dir='ltr'><strong>poetis</strong></span> <span class='ocrx_word' id='word_1_206' title='bbox 1537 2506 2062 2569; x_wconf 82' lang='lat' dir='ltr'><strong>adcommodatae</strong></span> <span class='ocrx_word' id='word_1_207' title='bbox 2105 2506 2184 2566; x_wconf 89' lang='lat' dir='ltr'><strong>ad</strong></span> <span class='ocrx_word' id='word_1_208' title='bbox 2225 2506 2401 2567; x_wconf 78' lang='lat' dir='ltr'><strong>huno</strong></span> <span class='ocrx_word' id='word_1_209' title='bbox 2447 2524 2578 2565; x_wconf 82' lang='lat' dir='ltr'><strong>ca·-</strong></span> 
     </span>
     <span class='ocr_line' id='line_1_28' title="bbox 550 2584 2577 2673; baseline -0.002 -23"><span class='ocrx_word' id='word_1_210' title='bbox 550 2608 690 2650; x_wconf 88' lang='lat' dir='ltr'><strong>sum</strong></span> <span class='ocrx_word' id='word_1_211' title='bbox 731 2608 966 2665; x_wconf 82' lang='lat' dir='ltr'><strong>voees3</strong></span> <span class='ocrx_word' id='word_1_212' title='bbox 1026 2586 1440 2673; x_wconf 75' lang='lat' dir='ltr'><strong>mirificeque</strong></span> <span class='ocrx_word' id='word_1_213' title='bbox 1480 2584 1830 2650; x_wconf 86' lang='lat' dir='ltr'><strong>commovit</strong></span> <span class='ocrx_word' id='word_1_214' title='bbox 1865 2589 2114 2650; x_wconf 84' lang='lat' dir='ltr'><strong>animos</strong></span> <span class='ocrx_word' id='word_1_215' title='bbox 2155 2588 2316 2648; x_wconf 88' lang='lat' dir='ltr'><strong>illud</strong></span> <span class='ocrx_word' id='word_1_216' title='bbox 2354 2608 2392 2647; x_wconf 88' lang='lat' dir='ltr'><strong>a</strong></span> <span class='ocrx_word' id='word_1_217' title='bbox 2423 2590 2577 2647; x_wconf 83' lang='lat' dir='ltr'><strong>Pa·-</strong></span> 
     </span>
     <span class='ocr_line' id='line_1_29' title="bbox 549 2667 2571 2764; baseline -0.001 -31"><span class='ocrx_word' id='word_1_218' title='bbox 549 2670 781 2733; x_wconf 61' lang='lat' dir='ltr'><strong>cuvio}</strong></span> <span class='ocrx_word' id='word_1_219' title='bbox 848 2670 1009 2732; x_wconf 84' lang='lat' dir='ltr'><strong>Men&#39;</strong></span> <span class='ocrx_word' id='word_1_220' title='bbox 1030 2667 1314 2751; x_wconf 68' lang='lat' dir='ltr'><strong>servasse,</strong></span> <span class='ocrx_word' id='word_1_221' title='bbox 1356 2690 1420 2729; x_wconf 77' lang='lat' dir='ltr'><strong>ut</strong></span> <span class='ocrx_word' id='word_1_222' title='bbox 1458 2667 1658 2751; x_wconf 68' lang='lat' dir='ltr'><strong>efferet,</strong></span> <span class='ocrx_word' id='word_1_223' title='bbox 1714 2674 1810 2751; x_wconf 84' lang='lat' dir='ltr'><strong>qui</strong></span> <span class='ocrx_word' id='word_1_224' title='bbox 1846 2691 1929 2729; x_wconf 91' lang='lat' dir='ltr'><strong>me</strong></span> <span class='ocrx_word' id='word_1_225' title='bbox 1961 2672 2303 2750; x_wconf 83' lang='lat' dir='ltr'><strong>perderent!</strong></span> <span class='ocrx_word' id='word_1_226' title='bbox 2365 2669 2571 2764; x_wconf 77' lang='lat' dir='ltr'><strong>quod</strong></span> 
     </span>
    </p>

    <p class='ocr_par' dir='ltr' id='par_1_8' title="bbox 497 2751 2572 3002">
     <span class='ocr_line' id='line_1_30' title="bbox 497 2751 2570 2836; baseline 0.001 -25"><span class='ocrx_word' id='word_1_227' title='bbox 497 2752 500 2757; x_wconf 79' lang='grc'><strong>’</strong></span> <span class='ocrx_word' id='word_1_228' title='bbox 547 2751 1045 2831; x_wconf 83' lang='lat' dir='ltr'><strong>interfectorum</strong></span> <span class='ocrx_word' id='word_1_229' title='bbox 1087 2752 1259 2836; x_wconf 83' lang='lat' dir='ltr'><strong>pleri</strong></span> <span class='ocrx_word' id='word_1_230' title='bbox 1308 2772 1429 2825; x_wconf 89' lang='lat' dir='ltr'><strong>ue,</strong></span> <span class='ocrx_word' id='word_1_231' title='bbox 1487 2773 1684 2835; x_wconf 91' lang='lat' dir='ltr'><strong>quum</strong></span> <span class='ocrx_word' id='word_1_232' title='bbox 1728 2752 1992 2814; x_wconf 77' lang='lat' dir='ltr'><strong>fuiss&#39;ent</strong></span> <span class='ocrx_word' id='word_1_233' title='bbox 2028 2754 2096 2813; x_wconf 90' lang='lat' dir='ltr'><strong>in</strong></span> <span class='ocrx_word' id='word_1_234' title='bbox 2124 2752 2570 2835; x_wconf 71' lang='lat' dir='ltr'><strong>Pompejanis</strong></span> 
     </span>
     <span class='ocr_line' id='line_1_31' title="bbox 547 2832 2572 2917; baseline 0 -23"><span class='ocrx_word' id='word_1_235' title='bbox 547 2834 876 2917; x_wconf 77' lang='lat' dir='ltr'><strong>partibuS,</strong></span> <span class='ocrx_word' id='word_1_236' title='bbox 942 2835 1238 2896; x_wconf 81' lang='lat' dir='ltr'><strong>Caesaris</strong></span> <span class='ocrx_word' id='word_1_237' title='bbox 1347 2832 1624 2913; x_wconf 85' lang='lat' dir='ltr'><strong>eneficio</strong></span> <span class='ocrx_word' id='word_1_238' title='bbox 1673 2855 1804 2897; x_wconf 90' lang='lat' dir='ltr'><strong>non</strong></span> <span class='ocrx_word' id='word_1_239' title='bbox 1847 2836 2040 2899; x_wconf 85' lang='lat' dir='ltr'><strong>vitam</strong></span> <span class='ocrx_word' id='word_1_240' title='bbox 2092 2834 2285 2895; x_wconf 90' lang='lat' dir='ltr'><strong>modo</strong></span> <span class='ocrx_word' id='word_1_241' title='bbox 2328 2832 2572 2897; x_wconf 79' lang='lat' dir='ltr'><strong>fortu-</strong></span> 
     </span>
     <span class='ocr_line' id='line_1_32' title="bbox 545 2916 2333 3002; baseline 0 -25"><span class='ocrx_word' id='word_1_242' title='bbox 545 2937 793 3000; x_wconf 87' lang='lat' dir='ltr'><strong>nasque</strong></span> <span class='ocrx_word' id='word_1_243' title='bbox 824 2938 972 2979; x_wconf 87' lang='lat' dir='ltr'><strong>suas</strong></span> <span class='ocrx_word' id='word_1_244' title='bbox 995 2959 1012 2989; x_wconf 88' lang='lat'><strong>,</strong></span> <span class='ocrx_word' id='word_1_245' title='bbox 1062 2917 1178 2983; x_wconf 85' lang='lat' dir='ltr'><strong>sed</strong></span> <span class='ocrx_word' id='word_1_246' title='bbox 1210 2917 1404 2978; x_wconf 88' lang='lat' dir='ltr'><strong>etiam</strong></span> <span class='ocrx_word' id='word_1_247' title='bbox 1439 2916 1821 3002; x_wconf 78' lang='lat' dir='ltr'><strong>dignitatem</strong></span> <span class='ocrx_word' id='word_1_248' title='bbox 1844 2960 1861 2992; x_wconf 88' lang='lat'>‚</span> <span class='ocrx_word' id='word_1_249' title='bbox 1905 2919 2333 2980; x_wconf 86' lang='lat' dir='ltr'><strong>retinuerant.</strong></span> 
     </span>
    </p>
   </div>
   <div class='ocr_carea' id='block_1_6' title="bbox 111 3039 2572 3537">
    <p class='ocr_par' dir='ltr' id='par_1_9' title="bbox 111 3039 2572 3455">
     <span class='ocr_line' id='line_1_33' title="bbox 176 3039 2572 3126; baseline -0.001 -21"><span class='ocrx_word' id='word_1_250' title='bbox 176 3050 522 3106; x_wconf 73' lang='lat' dir='ltr'><strong>Simutacrum</strong></span> <span class='ocrx_word' id='word_1_251' title='bbox 670 3041 863 3105; x_wconf 87' lang='lat' dir='ltr'>cV11.</span> <span class='ocrx_word' id='word_1_252' title='bbox 923 3042 1034 3103; x_wconf 83' lang='lat' dir='ltr'><strong>Sic</strong></span> <span class='ocrx_word' id='word_1_253' title='bbox 1072 3040 1368 3104; x_wconf 84' lang='lat' dir='ltr'><strong>adfectos</strong></span> <span class='ocrx_word' id='word_1_254' title='bbox 1409 3062 1576 3103; x_wconf 81' lang='lat' dir='ltr'><strong>nova</strong></span> <span class='ocrx_word' id='word_1_255' title='bbox 1618 3043 1808 3103; x_wconf 89' lang='lat' dir='ltr'><strong>etiam</strong></span> <span class='ocrx_word' id='word_1_256' title='bbox 1854 3039 2405 3126; x_wconf 67' lang='lat' dir='ltr'><strong>species,adjecta</strong></span> <span class='ocrx_word' id='word_1_257' title='bbox 2440 3040 2572 3102; x_wconf 80' lang='lat' dir='ltr'><strong>‘in-</strong></span> 
     </span>
     <span class='ocr_line' id='line_1_34' title="bbox 111 3122 2566 3207; baseline -0.001 -24"><span class='ocrx_word' id='word_1_258' title='bbox 111 3122 423 3174; x_wconf 67' lang='lat' dir='ltr'><strong>-·cmsuris</strong></span> <span class='ocrx_word' id='word_1_259' title='bbox 459 3138 523 3174; x_wconf 72' lang='lat' dir='ltr'><strong>ex</strong></span> <span class='ocrx_word' id='word_1_260' title='bbox 551 3124 845 3185; x_wconf 84' lang='lat' dir='ltr'><strong>saniores</strong></span> <span class='ocrx_word' id='word_1_261' title='bbox 887 3123 1069 3185; x_wconf 83' lang='lat' dir='ltr'><strong>feeit.</strong></span> <span class='ocrx_word' id='word_1_262' title='bbox 1156 3125 1287 3187; x_wconf 85' lang='lat' dir='ltr'><strong>Cor</strong></span> <span class='ocrx_word' id='word_1_263' title='bbox 1336 3146 1413 3185; x_wconf 87' lang='lat' dir='ltr'><strong>us</strong></span> <span class='ocrx_word' id='word_1_264' title='bbox 1455 3123 1671 3207; x_wconf 86' lang='lat' dir='ltr'><strong>ipsum</strong></span> <span class='ocrx_word' id='word_1_265' title='bbox 1709 3125 1778 3185; x_wconf 88' lang='lat' dir='ltr'><strong>in</strong></span> <span class='ocrx_word' id='word_1_266' title='bbox 1814 3125 1986 3203; x_wconf 84' lang='lat' dir='ltr'><strong>lecto</strong></span> <span class='ocrx_word' id='word_1_267' title='bbox 2021 3122 2238 3203; x_wconf 83' lang='lat' dir='ltr'><strong>jacens</strong></span> <span class='ocrx_word' id='word_1_268' title='bbox 2274 3124 2566 3206; x_wconf 85' lang='lat' dir='ltr'><strong>conspi-</strong></span> 
     </span>
     <span class='ocr_line' id='line_1_35' title="bbox 161 3202 2567 3290; baseline 0 -22"><span class='ocrx_word' id='word_1_269' title='bbox 161 3204 302 3244; x_wconf 56' lang='grc' dir='ltr'><strong>’Μ’</strong></span> <span class='ocrx_word' id='word_1_270' title='bbox 468 3213 477 3220; x_wconf 82' lang='grc'><strong>“</strong></span> <span class='ocrx_word' id='word_1_271' title='bbox 549 3206 614 3273; x_wconf 78' lang='lat' dir='ltr'><strong>oi</strong></span> <span class='ocrx_word' id='word_1_272' title='bbox 665 3226 797 3267; x_wconf 90' lang='lat' dir='ltr'><strong>non</strong></span> <span class='ocrx_word' id='word_1_273' title='bbox 851 3209 1128 3290; x_wconf 58' lang='lat' dir='ltr'><strong>poterat,</strong></span> <span class='ocrx_word' id='word_1_274' title='bbox 1205 3226 1275 3268; x_wconf 86' lang='lat' dir='ltr'><strong>se</strong></span> <span class='ocrx_word' id='word_1_275' title='bbox 1368 3206 1817 3279; x_wconf 84' lang='lat' dir='ltr'><strong>simulacrum,</strong></span> <span class='ocrx_word' id='word_1_276' title='bbox 1881 3226 1962 3270; x_wconf 80' lang='lat' dir='ltr'><strong>ex</strong></span> <span class='ocrx_word' id='word_1_277' title='bbox 2003 3226 2152 3268; x_wconf 90' lang='lat' dir='ltr'><strong>cera</strong></span> <span class='ocrx_word' id='word_1_278' title='bbox 2197 3202 2567 3268; x_wconf 87' lang='lat' dir='ltr'><strong>confictum</strong></span> 
     </span>
     <span class='ocr_line' id='line_1_36' title="bbox 599 3287 2563 3372; baseline 0 -22"><span class='ocrx_word' id='word_1_279' title='bbox 599 3291 693 3350; x_wconf 86' lang='lat' dir='ltr'><strong>ari</strong></span> <span class='ocrx_word' id='word_1_280' title='bbox 733 3287 1213 3370; x_wconf 80' lang='lat' dir='ltr'><strong>magnitudine,</strong></span> <span class='ocrx_word' id='word_1_281' title='bbox 1272 3288 1565 3350; x_wconf 86' lang='lat' dir='ltr'><strong>maehina</strong></span> <span class='ocrx_word' id='word_1_282' title='bbox 1606 3288 1876 3372; x_wconf 89' lang='lat' dir='ltr'><strong>quadam</strong></span> <span class='ocrx_word' id='word_1_283' title='bbox 1922 3289 2147 3350; x_wconf 84' lang='lat' dir='ltr'><strong>extolli</strong></span> <span class='ocrx_word' id='word_1_284' title='bbox 2193 3309 2273 3348; x_wconf 86' lang='lat' dir='ltr'><strong>ex</strong></span> <span class='ocrx_word' id='word_1_285' title='bbox 2310 3287 2563 3350; x_wconf 86' lang='lat' dir='ltr'><strong>eodem</strong></span> 
     </span>
     <span class='ocr_line' id='line_1_37' title="bbox 579 3370 2559 3455; baseline -0.001 -22"><span class='ocrx_word' id='word_1_286' title='bbox 579 3386 724 3433; x_wconf 84' lang='lat' dir='ltr'><strong>ecto</strong></span> <span class='ocrx_word' id='word_1_287' title='bbox 777 3384 1068 3454; x_wconf 87' lang='lat' dir='ltr'><strong>poterat,</strong></span> <span class='ocrx_word' id='word_1_288' title='bbox 1141 3370 1266 3432; x_wconf 88' lang='lat' dir='ltr'><strong>tria</strong></span> <span class='ocrx_word' id='word_1_289' title='bbox 1316 3384 1386 3432; x_wconf 86' lang='lat' dir='ltr'><strong>et</strong></span> <span class='ocrx_word' id='word_1_290' title='bbox 1430 3371 1668 3453; x_wconf 83' lang='lat' dir='ltr'><strong>viginti</strong></span> <span class='ocrx_word' id='word_1_291' title='bbox 1710 3373 1990 3443; x_wconf 63' lang='lat' dir='ltr'><strong>›vulnera</strong></span> <span class='ocrx_word' id='word_1_292' title='bbox 2039 3385 2559 3455; x_wconf 79' lang='lat' dir='ltr'><strong>repraesentans</strong></span> 
     </span>
    </p>

    <p class='ocr_par' dir='ltr' id='par_1_10' title="bbox 551 3452 2254 3537">
     <span class='ocr_line' id='line_1_38' title="bbox 551 3452 2254 3537; baseline -0.002 -20"><span class='ocrx_word' id='word_1_293' title='bbox 551 3454 787 3517; x_wconf 81' lang='lat' dir='ltr'><strong>iisdem</strong></span> <span class='ocrx_word' id='word_1_294' title='bbox 821 3452 1024 3525; x_wconf 72' lang='lat' dir='ltr'><strong>locis,</strong></span> <span class='ocrx_word' id='word_1_295' title='bbox 1073 3452 1309 3537; x_wconf 84' lang='lat' dir='ltr'><strong>quibus</strong></span> <span class='ocrx_word' id='word_1_296' title='bbox 1346 3453 1708 3537; x_wconf 73' lang='lat' dir='ltr'><strong>perculsum</strong></span> <span class='ocrx_word' id='word_1_297' title='bbox 1744 3472 1984 3537; x_wconf 86' lang='lat' dir='ltr'><strong>eorpus</strong></span> <span class='ocrx_word' id='word_1_298' title='bbox 2019 3452 2254 3537; x_wconf 67' lang='lat' dir='ltr'><strong>fuerat.</strong></span> 
     </span>
    </p>
   </div>
   <div class='ocr_carea' id='block_1_7' title="bbox 100 3576 2556 3909">
    <p class='ocr_par' dir='ltr' id='par_1_11' title="bbox 109 3576 2556 3740">
     <span class='ocr_line' id='line_1_39' title="bbox 109 3576 2556 3674; baseline -0.001 -34"><span class='ocrx_word' id='word_1_299' title='bbox 109 3610 118 3621; x_wconf 84' lang='lat'><em>-</em></span> <span class='ocrx_word' id='word_1_300' title='bbox 208 3584 423 3660; x_wconf 70' lang='lat' dir='ltr'><strong>corpus</strong></span> <span class='ocrx_word' id='word_1_301' title='bbox 448 3584 510 3638; x_wconf 66' lang='lat' dir='ltr'><strong>iu</strong></span> <span class='ocrx_word' id='word_1_302' title='bbox 680 3577 904 3639; x_wconf 83' lang='lat' dir='ltr'><strong>cvm.</strong></span> <span class='ocrx_word' id='word_1_303' title='bbox 961 3576 1058 3637; x_wconf 90' lang='lat' dir='ltr'><strong>Ibi</strong></span> <span class='ocrx_word' id='word_1_304' title='bbox 1101 3597 1262 3638; x_wconf 84' lang='lat' dir='ltr'><strong>vero</strong></span> <span class='ocrx_word' id='word_1_305' title='bbox 1307 3598 1500 3639; x_wconf 88' lang='lat' dir='ltr'><strong>nemo</strong></span> <span class='ocrx_word' id='word_1_306' title='bbox 1545 3597 1619 3638; x_wconf 87' lang='lat' dir='ltr'><strong>se</strong></span> <span class='ocrx_word' id='word_1_307' title='bbox 1659 3579 1982 3640; x_wconf 87' lang='lat' dir='ltr'><strong>continuit</strong></span> <span class='ocrx_word' id='word_1_308' title='bbox 2025 3578 2321 3674; x_wconf 76' lang='lat' dir='ltr'><strong>amplius·</strong></span> <span class='ocrx_word' id='word_1_309' title='bbox 2388 3597 2556 3660; x_wconf 77' lang='lat' dir='ltr'><strong>pars</strong></span> 
     </span>
     <span class='ocr_line' id='line_1_40' title="bbox 165 3657 2554 3740; baseline -0.002 -17"><span class='ocrx_word' id='word_1_310' title='bbox 165 3657 294 3723; x_wconf 78' lang='lat' dir='ltr'><strong>foro</strong></span> <span class='ocrx_word' id='word_1_311' title='bbox 320 3673 526 3711; x_wconf 58' lang='grc' dir='ltr'><strong>δῆθ’·-</strong></span> <span class='ocrx_word' id='word_1_312' title='bbox 555 3678 700 3723; x_wconf 86' lang='lat' dir='ltr'><strong>eum</strong></span> <span class='ocrx_word' id='word_1_313' title='bbox 739 3660 808 3719; x_wconf 89' lang='lat' dir='ltr'><strong>in</strong></span> <span class='ocrx_word' id='word_1_314' title='bbox 846 3659 1195 3740; x_wconf 87' lang='lat' dir='ltr'><strong>Capitolini</strong></span> <span class='ocrx_word' id='word_1_315' title='bbox 1232 3660 1420 3723; x_wconf 83' lang='lat' dir='ltr'><strong>Jovis</strong></span> <span class='ocrx_word' id='word_1_316' title='bbox 1463 3660 1626 3721; x_wconf 88' lang='lat' dir='ltr'><strong>cella</strong></span> <span class='ocrx_word' id='word_1_317' title='bbox 1665 3681 1957 3722; x_wconf 87' lang='lat' dir='ltr'><strong>cremare</strong></span> <span class='ocrx_word' id='word_1_318' title='bbox 1997 3657 2386 3735; x_wconf 52' lang='lat' dir='ltr'><strong>destinabam</strong></span> <span class='ocrx_word' id='word_1_319' title='bbox 2432 3657 2554 3718; x_wconf 89' lang='lat' dir='ltr'><strong>alii</strong></span> 
     </span>
    </p>

    <p class='ocr_par' dir='ltr' id='par_1_12' title="bbox 100 3735 2555 3909">
     <span class='ocr_line' id='line_1_41' title="bbox 174 3735 2555 3829; baseline -0.002 -26"><span class='ocrx_word' id='word_1_320' title='bbox 174 3735 293 3779; x_wconf 55' lang='grc' dir='ltr'><strong>’Μ’</strong></span> <span class='ocrx_word' id='word_1_321' title='bbox 551 3741 735 3804; x_wconf 86' lang='lat' dir='ltr'><strong>faces</strong></span> <span class='ocrx_word' id='word_1_322' title='bbox 785 3742 849 3802; x_wconf 95' lang='lat' dir='ltr'><strong>in</strong></span> <span class='ocrx_word' id='word_1_323' title='bbox 902 3742 1171 3829; x_wconf 64' lang='lat' dir='ltr'><strong>erebant</strong></span> <span class='ocrx_word' id='word_1_324' title='bbox 1219 3743 1477 3816; x_wconf 89' lang='lat' dir='ltr'><strong>euriae,</strong></span> <span class='ocrx_word' id='word_1_325' title='bbox 1542 3742 1632 3819; x_wconf 72' lang='lat' dir='ltr'><strong>in&#39;</strong></span> <span class='ocrx_word' id='word_1_326' title='bbox 1662 3764 1784 3827; x_wconf 87' lang='lat' dir='ltr'><strong>qua</strong></span> <span class='ocrx_word' id='word_1_327' title='bbox 1839 3743 2097 3804; x_wconf 85' lang='lat' dir='ltr'><strong>occisus</strong></span> <span class='ocrx_word' id='word_1_328' title='bbox 2144 3741 2401 3811; x_wconf 88' lang='lat' dir='ltr'><strong>fuerat,</strong></span> <span class='ocrx_word' id='word_1_329' title='bbox 2466 3759 2555 3801; x_wconf 86' lang='lat' dir='ltr'><strong>eo</strong></span> 
     </span>
     <span class='ocr_line' id='line_1_42' title="bbox 100 3821 2553 3909; baseline -0.002 -22"><span class='ocrx_word' id='word_1_330' title='bbox 100 3828 102 3830; x_wconf 70' lang='grc'><strong>’</strong></span> <span class='ocrx_word' id='word_1_331' title='bbox 554 3836 794 3909; x_wconf 78' lang='lat' dir='ltr'><strong>corpus</strong></span> <span class='ocrx_word' id='word_1_332' title='bbox 824 3825 869 3884; x_wconf 92' lang='lat' dir='ltr'><strong>il</strong></span> <span class='ocrx_word' id='word_1_333' title='bbox 898 3824 1064 3885; x_wconf 84' lang='lat' dir='ltr'><strong>aturi</strong></span> <span class='ocrx_word' id='word_1_334' title='bbox 1087 3864 1105 3898; x_wconf 87' lang='lat'><strong>,</strong></span> <span class='ocrx_word' id='word_1_335' title='bbox 1147 3824 1280 3885; x_wconf 87' lang='lat' dir='ltr'><strong>nisi</strong></span> <span class='ocrx_word' id='word_1_336' title='bbox 1313 3839 1527 3900; x_wconf 87' lang='lat' dir='ltr'><strong>metu,</strong></span> <span class='ocrx_word' id='word_1_337' title='bbox 1572 3844 1657 3887; x_wconf 85' lang='lat' dir='ltr'><strong>ne</strong></span> <span class='ocrx_word' id='word_1_338' title='bbox 1691 3845 1816 3887; x_wconf 84' lang='lat' dir='ltr'><strong>una</strong></span> <span class='ocrx_word' id='word_1_339' title='bbox 1845 3825 2166 3889; x_wconf 88' lang='lat' dir='ltr'><strong>theatrum</strong></span> <span class='ocrx_word' id='word_1_340' title='bbox 2205 3836 2271 3885; x_wconf 81' lang='lat' dir='ltr'><strong>et</strong></span> <span class='ocrx_word' id='word_1_341' title='bbox 2304 3821 2553 3906; x_wconf 78' lang='lat' dir='ltr'><strong>templa</strong></span> 
     </span>
    </p>
   </div>
   <div class='ocr_carea' id='block_1_8' title="bbox 552 3978 2559 4173">
    <p class='ocr_par' dir='ltr' id='par_1_13' title="bbox 552 3978 2559 4173">
     <span class='ocr_line' id='line_1_43' title="bbox 625 3978 2556 4093; baseline 0 -28"><span class='ocrx_word' id='word_1_342' title='bbox 625 4006 772 4080; x_wconf 78' lang='lat' dir='ltr'><strong>Cap-</strong></span> <span class='ocrx_word' id='word_1_343' title='bbox 799 4010 955 4071; x_wconf 75' lang='lat' dir='ltr'>CVI.</span> <span class='ocrx_word' id='word_1_344' title='bbox 1006 4010 1254 4093; x_wconf 73' lang='lat' dir='ltr'><strong>Quintil.</strong></span> <span class='ocrx_word' id='word_1_345' title='bbox 1287 4013 1346 4080; x_wconf 88' lang='lat'><strong>6,</strong></span> <span class='ocrx_word' id='word_1_346' title='bbox 1382 4032 1430 4068; x_wconf 83' lang='lat'><strong>1.</strong></span> <span class='ocrx_word' id='word_1_347' title='bbox 1482 3978 1637 4070; x_wconf 79' lang='lat' dir='ltr'><strong>Plut.</strong></span> <span class='ocrx_word' id='word_1_348' title='bbox 1672 3982 1906 4069; x_wconf 37' lang='lat' dir='ltr'><strong>&#39;Amon-</strong></span> <span class='ocrx_word' id='word_1_349' title='bbox 1944 4022 2002 4067; x_wconf 88' lang='lat' dir='ltr'><strong>et</strong></span> <span class='ocrx_word' id='word_1_350' title='bbox 2024 4014 2233 4068; x_wconf 87' lang='lat' dir='ltr'><strong>Bruto.</strong></span> <span class='ocrx_word' id='word_1_351' title='bbox 2289 4011 2453 4066; x_wconf 76' lang='lat' dir='ltr'><strong>Suet.</strong></span> <span class='ocrx_word' id='word_1_352' title='bbox 2486 4018 2556 4065; x_wconf 73' lang='lat' dir='ltr'><strong>et</strong></span> 
     </span>
     <span class='ocr_line' id='line_1_44' title="bbox 552 4079 2559 4173; baseline -0.006 -22"><span class='ocrx_word' id='word_1_353' title='bbox 552 4079 814 4150; x_wconf 61' lang='lat' dir='ltr'><strong>Appiam.</strong></span> <span class='ocrx_word' id='word_1_354' title='bbox 884 4082 1244 4156; x_wconf 74' lang='lat' dir='ltr'><strong>cap.cv·11.·</strong></span> <span class='ocrx_word' id='word_1_355' title='bbox 1282 4082 1546 4158; x_wconf 63' lang='lat' dir='ltr'><strong>Appiam.</strong></span> <span class='ocrx_word' id='word_1_356' title='bbox 1619 4084 1767 4159; x_wconf 77' lang='lat' dir='ltr'><strong>Cap.</strong></span> <span class='ocrx_word' id='word_1_357' title='bbox 1786 4082 1999 4173; x_wconf 61' lang='lat' dir='ltr'><strong>CVIl13</strong></span> <span class='ocrx_word' id='word_1_358' title='bbox 2040 4083 2289 4140; x_wconf 82' lang='lat' dir='ltr'><strong>Sueton.</strong></span> <span class='ocrx_word' id='word_1_359' title='bbox 2322 4090 2383 4139; x_wconf 84' lang='lat' dir='ltr'><strong>et</strong></span> <span class='ocrx_word' id='word_1_360' title='bbox 2410 4079 2559 4138; x_wconf 73' lang='lat' dir='ltr'><strong>Dio·</strong></span> 
     </span>
    </p>
   </div>
   <div class='ocr_carea' id='block_1_9' title="bbox 555 4148 816 4222">
    <p class='ocr_par' dir='ltr' id='par_1_14' title="bbox 555 4148 816 4222">
     <span class='ocr_line' id='line_1_45' title="bbox 555 4148 816 4222; baseline 0.011 -18"><span class='ocrx_word' id='word_1_361' title='bbox 555 4148 816 4222; x_wconf 71' lang='lat' dir='ltr'><strong>Appian-</strong></span> 
     </span>
    </p>
   </div>
  </div>
 </body>
</html>
