2675 4642
154 342 167 369 ,
445 279 534 342 m
582 275 889 381 Locum
929 279 1095 345 mn.
1146 278 1403 347 cxxn.
1452 279 1686 348 mvn.
1944 244 2108 365 399‘

124 389 1502 437 ...'—...-..—..—-—..-...2...-.-.—---—

119 503 361 574 poterat,
404 492 695 574 egress'us
723 506 935 577 porta,
981 511 1335 574 murosque
1362 462 1881 564 circumvehens,
1925 507 2069 555 ten·
2122 494 2199 564 ‚U-
2236 515 2289 550 c.
2317 474 2446 569 769.

119 572 292 736 bleba}
318 571 394 633 ad
429 573 748 639 Xanthios
783 596 1006 636 manus
1027 617 1045 649 ,
1093 572 1202 655 fibi
1242 591 1574 654 parcerent,
1619 573 1790 658 'fique
1823 594 1880 636 et
1912 580 2069 658 appi·-
2127 566 2200 623 A·
2228 568 2297 623 C·
2327 568 2422 634 43·

149 676 222 714 um
275 675 553 717 ervarent.

209 787 400 847 XXX.
445 787 530 848 At
559 788 659 848 illi
686 786 864 850 fatali
894 788 1078 850 rabie
1107 787 1234 850 tela
1263 784 1637 851 incendium
1663 785 2068 871 exstinguen-
2111 806 2462 861 ‘vammum

121 868 257 929 tibus
298 868 707 952 ingerebant.
769 869 1126 954 postremo,
1186 870 1424 931 clausis
1467 870 1800 941 domibus,
1849 891 1921 932 se
1955 894 2067 954 pa·
2085 878 2312 944 furiosa
2347 879 2436 931 de-

119 962 428 1033 rentaeque
464 965 531 1013 et
560 953 810 1014 liberos
842 953 1248 1014 occiderunt.
1311 952 1444 1025 alii,
1492 970 1616 1013 nec
1648 950 1902 1014 firmior
1932 968 2068 1014 tan*
2095 950 2353 1016 Sturam·

120 1044 217 1092 tum
252 1047 462 1107 aetas„
510 1035 633 1097 sed.
672 1037 856 1119 parvi
898 1036 1088 1119 pueri
1124 1049 1315 1118 atque
1402 1036 1609 1096 uellae
1634 1077 1650 1107 ,
1697 1035 2073 1099 insiliebant

120 1114 423 1197 inignem,
473 1131 578 1177 aut
612 1119 680 1176 in
716 1137 1032 1202 praeceps
1073 1116 1341 1177 demitte
1393 1131 1501 1179 ant
1530 1137 1841 1200 corpora:
1888 1138 2065 1200 pars,

118 1195 359 1279 jugulum
401 1199 837 1280 praebentes,
904 1200 1194 1284 paternis
1251 1199 1518 1261 ensibus
1577 1199 1643 1258 in
1698 1199 2069 1261 libertatem

121 1278 289 1340 adseri
324 1277 747 1362 postulabant.
815 1284 1114 1344 Relatum
1147 1281 1337 1342 etiam
1375 1281 1453 1341 ad
1478 1284 1745 1341 Brutum
1776 1279 1884 1352 est,
1931 1304 2071 1343 mu-

119 1362 300 1424 lierem
337 1364 641 1446 conspici
677 1364 1066 1447 pendentem
1101 1385 1179 1426 ex
1212 1364 1447 1446 laqueo
1469 1406 1484 1434 ‚
1533 1383 1697 1447 quae
1734 1366 2072 1446 parvulum

30 1506 31 1519 χ
122 1445 380 1505 infantem
423 1465 464 1505 e
498 1447 668 1507 collo
711 1467 827 1507 suo
871 1446 1340 1531 suspendisset,
1401 1446 1601 1506 altera
1636 1466 1825 1505 manu
1863 1446 2072 1509 adhuc

31 2624 61 4259 ἮᾈΝ--ι-ᾙ-
30 2444 47 2595 ᾧ*

120 1540 326 1589 teneret
361 1526 584 1588 facem
617 1528 974 1599 ardentem,
1019 1527 1614 1591 inflammandarum
1646 1527 1898 1589 aedium
1924 1548 2072 1612 gra..

124 1611 189 1669 tia
210 1623 463 1693 raptam.
550 1609 620 1671 ld
661 1611 887 1675 videre
927 1632 1057 1673 non
1099 1608 1396 1674 sustinuit
1430 1613 1706 1688 Brutus;
1767 1609 1886 1671 sed
1928 1612 2071 1672 illa-

129 1692 344 1752 crimans
383 1693 753 1775 praemium
785 1693 1208 1777 pronunciari
1243 1692 1413 1771 jussit
1444 1693 1512 1752 in
1533 1691 1796 1765 milites,
1844 1693 1901 1752 si
1923 1694 2072 1776 quis

128 1773 415 1837 Xanthium
461 1776 916 1838 conservall‘et.
1005 1777 1137 1839 Sed
1172 1775 1304 1846 illi,
1351 1773 1656 1857 jugulatis
1692 1774 1827 1836 suis
1864 1777 2072 1835 omni..

133 1853 248 1927 bus,
282 1871 334 1917 et
371 1859 451 1916 in
486 1878 685 1939 rogos
720 1858 1035 1938 conjectis
1057 1901 1072 1929 ‚
1133 1876 1334 1938 super
1374 1857 1703 1918 incensam
1743 1856 2073 1939 lignorum

124 1933 300 2000 limem
337 1961 414 2001 se
459 1940 874 2002 transfodere
910 1940 1250 2005 malebant.
1352 1939 1560 2020 Igitur
1601 1959 1842 1999 summa
1879 1939 2074 2000 Bruti

122 2037 234 2081 cura
265 2022 364 2083 vix
411 2020 500 2082 ad
541 2023 778 2104 templa
816 2022 1133 2107 quaedam
1165 2021 1481 2083 servanda
1518 2019 1791 2104 profuit.
1863 2020 2076 2082 homi-

122 2119 202 2162 nes
239 2103 501 2186 quidem
549 2105 818 2185 ingenui
869 2118 1127 2166 eentum
1170 2103 1635 2186 quinquaginta
1683 2102 2076 2186 superfuiss'e

126 2183 453 2259 traduntur,
495 2189 834 2250 molliores
863 2188 1143 2261 ceteris,
1186 2199 1251 2247 et
1287 2185 1680 2249 amantiores
1720 2188 1913 2249 vitae.

199 2319 426 2379 XXXI.
452 2300 457 2309 ¹
481 2318 592 2381 Sic
626 2317 890 2383 xanthii
930 2317 1271 2402 perierunt
1311 2336 1435 2411 pro
1475 2316 1814 2391 libertate,
1873 2315 2074 2397 majo-¹
2138 2321 2417 2405 Major-ung

120 2418 194 2459 res
236 2401 577 2474 aemulati,
645 2421 920 2484 quorum
980 2422 1095 2483 par
1145 2396 1515 2482 pe‘rvicacia
1572 2413 1759 2460 antea
1810 2419 2071 2483 quoque
2099 2394 2333 2473 ‘xf'fwl‘’
2356 2408 2435 2445 θ’·

116 2482 341 2562 patriam
375 2483 624 2547 civium
660 2482 953 2544 manibus
983 2480 1384 2566 perdiderat.
1449 2482 1554 2542 Ab
1584 2483 1890 2577 Harpago
1927 2502 2073 2543 cer·
2100 2462 2273 2516 ’'⁸⁸¹⁸“

116 2576 161 2622 te
183 2565 532 2648 oppugnati
557 2608 573 2638 ,
620 2565 798 2647 regis
833 2564 983 2646 Cyri
1019 2565 1397 2649 praesecto,
1443 2585 1526 2625 ne
1560 2566 1892 2625 Persicam
1934 2585 2074 2625 ser-

117 2644 339 2707 vitutem
381 2660 809 2731 paterentur,
868 2646 1177 2708 incendio
1222 2658 1288 2706 et
1330 2646 1543 2707 ruinis
1589 2646 1819 2742 oppidi
1867 2666 1937 2707 se
1969 2660 2074 2708 tu-

114 2728 419 2793 mularunt.
505 2730 816 2811 Idemque
864 2728 1103 2791 iterum
1148 2727 1457 2789 adcidiss’e
1493 2730 1829 2812 Appianas
1873 2728 2074 2789 tradit

113 2807 431 2872 Alexandri
477 2810 653 2873 bello
687 2811 981 2873 Persico.
1073 2809 1206 2873 Sed
1245 2811 1558 2872 Arrianus
1608 2822 1674 2872 et
1710 2809 2071 2884 DiodoruS,

112 2891 309 2970 quibus
352 2893 636 2955 credere
672 2895 890 2964 malis,
955 2894 1066 2954 ille
1102 2891 1416 2953 xanthios
1455 2893 1695 2954 venill'e
1733 2891 2071 2953 deditione

112 2970 159 3030 in
188 2973 375 3036 {idem
422 2976 691 3052 scribit3
736 2975 1106 3048 DiodoruS‚
1150 2973 1365 3054 Lyciis
1400 2976 1697 3058 quidem,
1747 2973 1865 3035 sed
1900 2978 2070 3057 Mar-
2174 2990 2178 3001 ·

109 3059 486 3202 marepsjffus
522 3058 749 3121 nescio
785 3058 1058 3144 quibus,
1112 3054 1404 3119 eamdem
1440 3056 1756 3120 ferociam
1794 3057 2069 3118 exitum-

113 3156 209 3219 que
276 3163 343 3201 ui
403 3161 463 3205 e.

203 3274 464 3337 XXXII.
519 3271 777 3339 Xantho
821 3283 1040 3354 capta,
1102 3276 1347 3334 Brutus
1401 3270 1752 3333 adpatara
1794 3270 2067 3333 descen·
2116 3274 2447 3334 Bratuspa-

110 3351 210 3429 dit,
253 3359 432 3440 quod
471 3356 779 3441 oppidum
822 3355 1035 3419 videri
1073 3356 1295 3418 navale
1326 3355 1754 3417 Xanthiorum
1788 3367 2066 3437 poterat.
2097 3357 2221 3430 ΨΜ
2238 3350 2445 3404 &5⁶2⁸-

108 3436 213 3501 Sed
262 3440 393 3499 viui
446 3441 798 3500 admovere
849 3440 1308 3511 cunctabatur,
1379 3437 1669 3499 eamdem
1710 3438 1778 3497 in
1817 3435 1915 3496 his
1959 3457 2070 3499 ve·
2094 3417 2201 3474 δ”·

107 3521 367 3600 cordiam
403 3537 722 3592 metuens,
748 3536 956 3607 ¹quam
987 3536 1294 3604 expertus
1328 3519 1395 3580 in
1419 3518 1714 3581 Xanthiis
1744 3520 1922 3584 ell'et.
1965 3519 2073 3581 ld'-

108 3601 258 3664 circo
309 3606 492 3687 prius
548 3604 842 3687 captivos
901 3604 965 3662 in
1014 3617 1438 3686 conspectum
1489 3624 1715 3665 eorum
1764 3601 2070 3675 adduxit,

105 3677 490 3760 hortaturos,
553 3700 658 3757 ut,
725 3704 840 3746 sua
873 3685 1055 3748 clade
1089 3685 1437 3760 admoniti,
1498 3685 1756 3747 saniora
1797 3683 2073 3747 consilia

106 3768 500 3848 capess'erent.
566 3768 722 3853 quin
774 3781 843 3830 et
893 3769 1241 3831 nonnullos
1287 3768 1662 3832 necess'ariis
1712 3766 1848 3830 suis
1895 3764 2071 3829 dono

100 3979 112 3989 ⁶
158 3976 295 4051 Cap.
322 3982 496 4039 XXX.
550 3974 688 4034 Dio.
728 3977 985 4051 Appian.
1025 3976 1180 4032 Plut.
1220 3974 1479 4102 ApXian.
1527 3977 1681 4034 Plut.
1713 3988 1773 4034 et
1803 3978 2061 4051 Appian-

110 4041 233 4118 Cap.
266 4051 464 4108 XXXI.
519 4047 806 4108 Herodot.
844 4049 884 4102 l.
917 4067 964 4103 1.
1017 4047 1254 4102 Arrian.
1347 4067 1378 4102 e
1416 4046 1684 4119 Expedit.
1733 4047 1895 4103 Alex.
1934 4049 1974 4101 l.
2013 4067 2064 4101 ι.

107 4111 335 4250 fflggpr.
369 4120 412 4180 l.
448 4140 545 4223 17.
600 4117 1178 4193 Cap.xxxl1.snio.
1214 4117 1474 4203 Appiam
1512 4116 1667 4178 Plut.
1702 4115 1843 4175 Dio.
1875 4127 1933 4176 et
1950 4117 2066 4191 Ap-
