2675 4642
68 1286 103 1293 ⁴-

448 174 466 193 f
515 230 639 322 27'0
692 237 1114 303 ramum.
1139 210 1992 300 surrnem'euront'm
2026 234 2530 298 1,m.1.xxxu.

175 422 469 515 U.c.·708.
519 424 891 532 recipiens:
946 438 1228 530 ⁸quzuum
1276 446 1499 507 rerum
1541 444 1829 533 omnium
1874 446 2118 529 invidia
2162 452 2368 533 penes
2408 448 2531 512 de-

175 517 465 584 A·C·44··
520 532 851 601 functum,
915 528 1121 613 gratia
1167 547 1373 623 penes
1405 529 1762 590 Antonium
1804 543 1961 591 erat.
2050 532 2262 605 Idem,
2322 547 2394 593 ut
2432 536 2529 594 M.

468 650 487 677 ο
518 612 843 699 Lepidum
915 607 1239 673 beneficio
1300 609 1709 681 devinciret,
1783 613 2080 693 regimen
2147 607 2527 688 sacrorum,

482 693 697 780 ,quod
744 696 808 755 in
855 695 967 755 illa
1007 690 1398 754 confusione
1442 713 1665 754 rerum
1709 693 1855 777 ipse
1899 695 2202 777 potuiss'et
2246 698 2531 758 interci-

514 778 717 860 pere,
762 777 861 836 illi
903 776 1056 836 dare
1094 772 1324 835 statuit.
1413 775 1545 836 Sed
1582 775 1652 835 id
1692 793 1821 856 quo
1860 775 2119 839 facilius
2153 798 2532 863 conseque-

515 874 741 930 retur,
795 859 943 941 lege
984 856 1110 921 lata
1159 857 1572 919 sacerdotum
1615 857 1877 918 comitia
1924 860 2169 942 populo
2221 860 2530 945 adempta

514 938 847 1005 transtulit
881 938 963 1000 a‘d
995 935 1364 1022 pontifices.
1416 939 1505 1000 ita
1534 959 1608 1000 re
1638 938 1705 999 in
1732 959 2087 1022 paucorum
2111 941 2372 1005 redacta
2402 965 2530 1027 po-

418 1088 427 1093 ,
516 1019 847 1105 testatem,
913 1022 985 1081 in
1035 1020 1278 1083 ceteris
1336 1041 1598 1105 quoque
1653 1022 2035 1083 solennibus
2088 1024 2255 1085 nihil
2306 1025 2527 1086 ferme

515 1101 774 1188 pristini
808 1103 1013 1177 moris
1048 1122 1323 1165 servans
1345 1146 1363 1176 ,
1421 1103 1609 1186 quasi
1644 1102 1870 1165 furtim
1905 1106 2527 1192 paratissuffragiis

426 1215 435 1223 ·
517 1191 609 1248 M.
643 1184 967 1270 Lepidum
1002 1181 1383 1269 pontificem
1420 1185 1762 1246 maximum
1801 1188 2232 1250 renunciavit.

196 1282 501 1359 Percussa-⁴
637 1293 749 1353 IX.
809 1292 983 1353 Hinc
1035 1280 1203 1352 nova
1251 1292 1738 1374 perculsoribus
1788 1293 2188 1357 sollicitudo.
2276 1290 2303 1356 1‘
2347 1295 2522 1370 itur,

143 1375 355 1455 munst-b
375 1375 497 1426 hate
519 1373 720 1435 miffis
760 1373 841 1433 ad
874 1372 1117 1435 amicos
1154 1374 1449 1449 nunciis,
1500 1376 1583 1434 D.
1623 1377 1936 1448 Brutum,
1990 1378 2101 1461 qui
2141 1391 2277 1439 tres
2351 1377 2526 1455 *abe-

142 1443 481 1498 ⁸⁰¹¹⁸⁶⁸Wd⁰·
518 1456 629 1517 bat
661 1455 983 1539 legiones,
1028 1456 1349 1517 intentum
1384 1455 1534 1530 ess'e,
1580 1456 1982 1519 Trebonium
2022 1460 2088 1520 in
2121 1460 2300 1536 Asia,
2325 1461 2527 1521 'Cim-

523 1538 713 1598 brum
763 1538 845 1621 in·
871 1536 1212 1618 Bithynia,
1266 1551 1537 1620 quantas
1575 1539 1861 1620 poffent,
1922 1542 2232 1624 pecunias
2277 1561 2524 1625 cogere

444 1621 450 1629 '
519 1619 851 1702 jubebant.
935 1624 1123 1702 Ipsos
1163 1619 1428 1681 consilii
1466 1620 1756 1680 incertos
1797 1620 2099 1686 diversae
2141 1625 2387 1685 causs'ae
2420 1640 2529 1686 te-

442 1736 447 1743 ·
519 1703 801 1771 nebant.
830 1704 1169 1763 manerent
1204 1684 1273 1761 in
1311 1700 1787 1765 urbe?·facere
1825 1722 1971 1766 cum
2005 1706 2304 1789 periculo
2336 1707 2531 1769 vide-

518 1798 773 1847 rentur.
841 1782 1140 1850 exirent?
1183 1782 1472 1844 nondum
1509 1797 1765 1867 tempus
1801 1785 2002 1849 eundi
2036 1789 2104 1848 in
2140 1789 2526 1872 provincias

519 1878 832 1943 venerat3
882 1879 978 1939 et,
1027 1864 1084 1926 si
1118 1865 1303 1963 prius
1345 1864 1858 1948 egrederentur,
1903 1868 2097 1952 fugae
2140 1871 2374 1933 similis
2411 1872 2517 1932 fu-

519 1963 666 2011 tura
700 1962 839 2010 erat
866 1946 1218 2031 profectio.
1302 1949 1513 2031 Igitur
1546 1963 1841 2024 senatus,
1890 1951 2162 2014 salutem
2190 1967 2382 2037 atque
2411 1953 2515 2013 di-

522 2032 830 2114 gnitatem
859 2029 1154 2093 virorum
1176 2029 1555 2111 aequalibus
1585 2029 1806 2095 studiis
1828 2044 2221 2099 conservare
2243 2055 2518 2118 pronus,

522 2114 839 2176 frumenti
874 2113 970 2173 eis
1004 2113 1534 2193 procurationem
1567 2113 1899 2196 imposuit.
1983 2119 2101 2189 Et,
2150 2120 2298 2203 quia
2323 2138 2523 2200 prae-

521 2209 631 2258 tor
666 2196 950 2257 urbanus
984 2197 1228 2257 Brutus
1268 2207 1443 2267 erat,
1504 2196 1794 2258 Antonio
1826 2196 2198 2272 referente,
2257 2199 2525 2281 legibus

525 2277 615 2347 est
651 2278 901 2341 solutus
922 2319 939 2350 ,
969 2273 1031 2356 fi
1057 2275 1121 2336 ab
1158 2277 1290 2336 urbe
1324 2276 1449 2356 plus
1470 2318 1487 2349 ,
1531 2297 1691 2357 quam
1722 2264 1898 2338 de'cem
1928 2281 2077 2354 dies,
2122 2282 2400 2364 abjiu'ffit.

105 2382 111 2388 ’
182 2410 501 2473 Dotabettae
647 2388 728 2448 X.
776 2386 897 2456 At,
939 2383 1044 2445 his
1075 2403 1155 2445 ex
1187 2384 1352 2446 urbe
1384 2380 1705 2482 digreffis,
1749 2378 2074 2450 Antonius
2104 2391 2323 2452 moliri
2351 2392 2528 2451 mul-

150 2480 319 2551 Syria
345 2498 492 2539 cum,
527 2484 589 2532 ta
630 2467 936 2539 instituit,
995 2467 1243 2547 Syriam
1287 2487 1695 2548 provinciam
1745 2468 2093 2552 adpetens,
2143 2471 2530 2535 destinatam

149 2547 501 2631 bettoPartlgae'-
529 2552 779 2614 Gaffiot
846 2548 1126 2619 deinde,
1190 2551 1342 2631 quia
1391 2551 1521 2612 sibi
1572 2563 1862 2631 paratum
1903 2553 2030 2614 effe
2072 2553 2528 2617 adversarium

144 2639 203 2672 ‘⁰
239 2619 471 2699 dufm'·
527 2633 937 2695 Dolabellam'
974 2630 1327 2703 sentiebat,
1386 2652 1466 2694 eo
1507 2632 1739 2705 vertit,
1797 2646 1870 2694 ut
1899 2635 2051 2697 huic
2089 2637 2532 2720 persuaderet

149 2698 265 2743 ων·
524 2735 670 2778 eam
701 2714 1106 2799 provinciam
1132 2723 1388 2795 petere,
1435 2735 1619 2776 suum
1650 2715 1953 2776 auxilium
1986 2719 2345 2802 pollicitus.
2408 2721 2529 2801 Sic

525 2799 872 2881 rogatione
904 2796 989 2857 ad
1021 2795 1281 2880 plebem
1310 2798 1470 2871 lata,
1529 2815 1653 2859 nec
1690 2796 1863 2858 enim
1901 2800 2238 2884 impetrari
2284 2802 2362 2863 ab
2415 2824 2531 2864 se-

524 2894 678 2942 natu
715 2879 1054 2964 potuiss'et,
1111 2900 1221 2940 res
1262 2880 1596 2941 confecta:
1653 2877 1883 2941 frustra
1925 2883 2357 2946 obnunciante
2398 2885 2532 2945 tri..

525 2963 703 3025 buno
753 2962 967 3045 plebis
1007 2964 1409 3043 Asprenate,
1471 2982 1665 3044 quem
1709 2978 1969 3025 senatus
2011 2965 2526 3041 subornaverat,

528 3064 800 3128 sperans
832 3044 1188 3106 Antonium
1224 3063 1509 3128 quoque,
1553 3058 1625 3106 ut
1663 3065 1995 3128 augurem,
2044 3062 2109 3109 et
2139 3049 2533 3111 Dolabellae

441 3184 446 3197 ,
523 3146 739 3210 nuper
774 3127 1302 3199 infensiffimum‚
1364 3126 1710 3188 occasione
1755 3127 1968 3190 oblata
2008 3152 2296 3193 usurum.
2386 3129 2535 3193 Sed

423 3267 430 3276 .
523 3212 640 3272 ille
661 3255 676 3285 ‚
724 3212 1014 3294 graviter
1046 3223 1357 3292 correpto
1389 3210 1785 3291 Asprenate,
1831 3211 2002 3273 mitti
2038 3214 2249 3276 tribus
2282 3214 2350 3273 in
2382 3213 2535 3274 'suf-

523 3292 734 3378 fragia
781 3293 975 3373 juffit.
1064 3293 1221 3354 Cum
1276 3291 1618 3375 provincia
1664 3290 1907 3353 bellum
2004 3314 2219 3379 noque
2258 3295 2534 3356 Parthi-

524 3395 671 3449 cum
719 3375 931 3438 datum
954 3418 970 3447 ,
1017 3388 1082 3438 et
1115 3373 1453 3456 legiones,
1501 3394 1664 3457 quae
1703 3372 1842 3455 ejus
1887 3314 2049 3438 bethi
2086 3379 2291 3439 cauffa
2325 3398 2534 3462 prae-

522 3460 743 3521 miss'ae
785 3459 861 3519 in
893 3456 1338 3521 Macedoniam
1384 3454 1665 3518 fuerant.
2165 3486 2172 3494 =

224 3498 467 3650 ssntom‘o

647 3569 757 3628 XI.
804 3566 976 3627 Dein
1016 3567 1342 3628 Antonius
1375 3564 1821 3627 Macedoniam
1857 3566 2264 3650 provinciam
2305 3568 2539 3651 petiit.

164 3664 501 3723 Macedonia,
523 3653 664 3715 Nec
699 3649 826 3711 fuit
863 3645 1140 3710 difficile
1177 3647 1512 3730 negotium
1533 3690 1549 3721 ,
1595 3648 1793 3711 victis
1827 3648 1895 3708 in
1925 3650 2306 3725 Dolabellae
2337 3670 2537 3711 caus-

362 3752 376 3767 ·
435 3756 439 3763 ·
527 3755 596 3796 sa
630 3732 956 3804 omnihus,
1004 3752 1168 3814 quae
1205 3729 1602 3794 obstiterant.
1685 3733 1783 3791 Ex
1818 3731 1921 3794 his
1958 3733 2159 3794 rebus
2197 3732 2531 3814 adparuit,

521 3816 694 3879 bona
733 3808 867 3875 fide
907 3832 1052 3876 cum
1088 3815 1344 3898 collega
1372 3812 1656 3876 reditum
1697 3814 1768 3875 in
1805 3812 2076 3900 gratiam
2114 3816 2192 3878 ab
2224 3817 2528 3878 Antonio

1871 3534 1884 3548 t

594 4007 742 4078 cap.
778 4006 940 4062 vm.
979 4006 1106 4063 cte.
1134 4005 1341 4077 pamm
1374 4003 1437 4059 in
1463 4006 1616 4063 rhu.
1647 4018 1707 4062 et
1734 4007 1909 4078 Epist.
1938 4004 2012 4059 aa
2040 4005 2160 4059 Att.
2192 4006 2333 4072 114.
2373 4005 2523 4063 Dio.

524 4075 675 4143 1.44.
715 4076 972 4148 Appian.
1012 4076 1149 4131 Dio.
1223 4076 1488 4148 Cap.lX.
1529 4077 1682 4133 Vell.
1706 4077 1865 4140 2',63.
1904 4073 2211 4147 Liv.Epit-.
2250 4076 2520 4150 Appian.

416 4214 457 4227 ,-
527 4141 658 4202 Cio.
688 4144 763 4202 ad
791 4147 915 4202 Att.
950 4149 1033 4216 15,
1065 4164 1118 4231 9.
1163 4140 1287 4202 Cic.
1323 4146 1475 4204 Phil.
1491 4162 1557 4217 ἢ,
1592 4149 1680 4206 23.
1751 4150 1899 4221 Cap.
1928 4149 1998 4202 X.
2036 4145 2290 4220 Appian-
