2675 4642
584 234 709 312 ⁶84
782 205 1196 299 Fmsmsns
1215 229 2237 317 suPPLEMENToRUMij.
2261 231 2505 302 και.

345 441 541 508 ⁰·*723-
569 449 825 523 foenore
855 464 981 503 non
1010 442 1407 518 aspernanda
1446 460 1692 500 summa
1741 444 2077 517 proveniet.
2154 443 2328 502 Ante
2363 445 2578 503 omnia

339 511 405 568 G·
429 530 519 580 29·
584 535 720 574 vero
749 525 880 571 tum
918 515 1134 571 horum
1168 513 1498 578 redituum,
1534 521 1661 568 turn
1687 525 1898 567 eorum
1924 516 2154 594 etiam',
2192 516 2315 588 qui
2348 532 2581 572 σικυω-
2664 559 2667 562 -

583 587 759 644 tallis
805 590 916 640 aut
956 584 1284 641 undeunde
1322 584 1560 655 percipi
1604 589 1960 638 constanter
2001 583 2248 657 solent,
2288 584 2576 640 ineunda

581 660 748 713 ratio
773 661 901 711 est.-
945 656 1090 729 pari
1125 650 1348 710 deinde
1382 649 1726 708 subtilitate
1763 650 2202 725 indagandum
2226 684 2249 721 ,
2316 654 2469 724 quid
2505 656 2571 710 in

580 726 784 783 omnis
843 728 1086 793 generis
1139 721 1531 795 erogationes
1577 726 1756 791 atque
1809 722 2200 778 necessitates
2257 722 2569 794 expendi,

581 801 690 850 aut
723 791 805 848 ad
834 794 1094 849 incertos
1122 792 1476 862 subitosque
1507 806 1682 845 casus
1712 792 2085 859 praeparari
2114 796 2430 863 oporteat.
2474 790 2573 849 Sic

578 864 745 920 enim
782 864 927 918 sciri
930 861 1131 934 ferme
1155 863 1394 931 poterit,
1431 865 1723 931 quantum
1762 857 1965 914 adhuc
1989 876 2172 930 super
2202 859 2571 917 ordinarios

578 939 901 1057 proventus
931 949 1008 989 ex
1045 931 1295 999 tributis
1330 934 1511 1001 atque
1544 925 1948 1005 vectigalibus
1979 928 2458 995 conficiendum
2486 931 2569 987 sit

578 1019 770 1074 pecua
801 1013 914 1058 ae(

238 386 314 495 ά.

239 510 311 568 Α.

227 1143 553 1207 flemma„
699 1119 833 1182 LII·
883 1130 1068 1201 Atque
1113 1129 1183 1186 id
1221 1129 1459 1205 quidem
1499 1125 1857 1188 contrahere
1897 1143 2009 1186 nee
2051 1128 2264 1203 operis
2311 1130 2565 1204 magni,

579 1222 689 1259 nec
730 1201 1011 1258 criminis
1039 1194 1272 1270 fuerit.-
1325 1204 1384 1261 si
1428 1198 1793 1273 simpliciter
1837 1200 1905 1255 in
1947 1215 2155 1258 omnes
2189 1195 2572 1272 patrimonii

575 1279 824 1344 partes,
861 1288 1018 1343 quae
1040 1268 1319 1341 fructum
1350 1269 1791 1340 possessoribus
1821 1263 2154 1339 adferunt,
2206 1270 2567 1340 pensionem

574 1345 975 1415 imponamus
1005 1339 1285 1398 omnibus
1318 1338 1692 1396 hominibus.
1770 1337 1947 1414 Quae
1978 1341 2143 1393 enim
2175 1336 2428 1395 invidia
2465 1345 2549 1392 est

578 1426 785 1467 omnes
814 1419 873 1469 et
980 1411 1174 1465 ivatas
1207 1417 1267 1465 et
1298 1408 1559 1495 populos
1593 1405 1899 1477 conferre,
1948 1406 2109 1463 unde
2144 1406 2464 1464 rediturus
2490 1425 2525 1460 a

576 1496 789 1545 omnes
815 1498 886 1535 sa
918 1482 1034 1535 utis
1079 1485 1262 1550 atque
1288 1476 1737 1536 incolumitatis
1752 1474 2001 1547 fructus
2024 1484 2114 1531 est
2132 1475 2161 1529 3>
2230 1475 2440 1533 Ubivis
2466 1494 2563 1530 au·
2664 1531 2667 1538 ,

574 1556 698 1606 tem
732 1549 1217 1615 constituentur,
1271 1551 1376 1619 qui
1406 1550 1590 1603 statis
1627 1543 2004 1618 temporibus
2041 1545 2254 1602 debita
2290 1565 2401 1615 per
2429 1563 2564 1617 par·

571 1626 663 1675 tes
693 1620 975 1692 exigant.
1014 1619 1089 1675 ea
1124 1635 1219 1673 res
1246 1626 1301 1674 et
1322 1618 1421 1672 his
1434 1613 1793 1689 faciliorem
1829 1607 2022 1687 officii
2055 1617 2156 1670 sui
2166 1611 2557 1687 functionem

573 1682 816 1764 efficiet,
854 1696 916 1745 et
946 1686 1320 1743 debitoribus
1353 1684 1645 1757 proderit,
1680 1706 1778 1749 ne,
1817 1684 2204 1756 aliquamdiu
2245 1705 2373 1741 non
2405 1704 2558 1741 com-

573 1755 791 1829 pellati
813 1796 830 1823 ‚
886 1755 1075 1812 simul
1109 1753 1304 1812 multa
1340 1764 1607 1826 tempore
1643 1751 1848 1810 alieno
1885 1762 2194 1827 cogantur
2230 1753 2557 1812 exsolvere·

576 1826 778 1897 Neque
814 1846 910 1882 me
951 1825 1147 1897 fugit,
1203 1826 1455 1881 omnino
1474 1823 1803 1896 futurum,
1860 1831 1923 1877 ut
1955 1826 2278 1895 principio
2318 1823 2554 1881 moleste

577 1894 765 1952 multi
805 1895 1034 1950 tributa
1057 1894 1294 1966 ferant.
1359 1903 1621 1952 ceterum
1642 1930 1658 1958 ‚
1697 1911 1878 1965 quum
1911 1913 1974 1950 sc
2007 1891 2186 1949 nullo
2217 1891 2354 1951 alio
2386 1913 2550 1950 onere

628 1966 866 2033 ravari,
921 1973 977 2021 ct
1006 1964 1126 2021 hac
1151 1968 1431 2035 impensa
1465 1981 1678 2036 pacem
1709 1963 2020 2034 publicam
2041 2002 2059 2029 ‚
2111 1972 2548 2036 ceterorumque

576 1982 872 2093 §anorum
907 2053 1158 2091 suorum
1195 2052 1476 2090 securam
1489 2031 1857 2102 fruitionem
1889 2030 2112 2088 redimi
2148 2037 2441 2096 sentient,
2473 2035 2546 2088 si-

574 2124 655 2160 ne
688 2121 1003 2158 murmure
1029 2105 1182 2160 haec
1215 2103 1643 2175 praestabunt,
1681 2111 1737 2160 et
1772 2103 2022 2172 insuper
2052 2105 2321 2175 gratias
2347 2109 2543 2175 agent:

571 2173 904 2248 praecipue
936 2176 1223 2246 quoniam
1255 2174 1678 2240 honestissimi
1710 2174 1927 2247 quique
1949 2190 2056 2242 per
2090 2175 2315 2229 varias
2340 2171 2542 2245 praefe-

576 2251 786 2299 cturas
818 2241 926 2297 a'ut
964 2245 1372 2316 magistratus
1409 2243 1804 2309 militiamve‚
1842 2240 2142 2312 stipendii
2183 2245 2435 2299 nomine
2460 2261 2551 2314 pe-

540 2341 552 2360 1
576 2310 793 2368 eunias
833 2328 869 2365 a
903 2319 960 2365 te
987 2314 1318 2384 adcipient.
1401 2312 1514 2368 Ubi
1541 2315 1677 2372 vero
1715 2319 1773 2369 te
1803 2319 2223 2380 temperanter
2255 2314 2442 2368 etiam
2474 2313 2549 2367 vi-

471 2385 494 2408 *
576 2399 751 2446 vere,
802 2381 1201 2458 privatimque
1245 2401 1537 2454 parcum,
1592 2381 1829 2456 publice
1856 2379 2186 2439 =liber-alem
2234 2381 2547 2451 videbunt3

499 2459 518 2477 ·
577 2468 759 2506 nemo
790 2455 927 2506 tarn
973 2455 1090 2509 erit
1129 2453 1323 2510 bonae
1361 2453 1585 2509 mentis
1617 2455 1833 2522 inops,
1872 2453 2016 2522 quin
2061 2452 2306 2523 lubenti
2351 2452 2549 2509 animo

535 2584 542 2589 ‚
577 2516 700 2575 tali
722 2516 1006 2591 Principi
1039 2520 1270 2578 tributa
1312 2523 1569 2595 pendat,
1604 2519 1782 2594 cujus
1807 2523 1872 2576 in
1904 2520 2121 2591 opibus
2158 2533 2339 2578 suam
2369 2524 2552 2580 sitam

580 2604 715 2646 esse
743 2592 1170 2659 securitatem,
1212 2608 1395 2649 suam
1427 2590 1667 2668 copiam
1700 2588 2040 2665 intelliget.

246 2719 432 2775 Urbem
449 2736 535 2775 a..
707 2703 870 2769 Lm.
928 2714 1040 2771 Sic
1071 2717 1271 2789 igitur
1300 2717 1553 2784 coacta,
1611 2726 1842 2792 quanta
1877 2739 2030 2790 opus
2057 2720 2213 2784 erit,
2249 2721 2551 2791 pecunia,

207 2792 514 2856 dificiorum
582 2805 710 2841 non
745 2789 957 2844 omnia
998 2788 1462 2862 necessitatibus
1490 2794 1735 2844 tantum
1756 2789 2055 2860 publicis,
2095 2788 2203 2846 sed
2246 2792 2553 2848 etiamvr-
2584 2807 2591 2814 ·

203 2877 275 2912 ac
293 2859 537 2911 ludorum
579 2858 891 2912 namentis
922 2853 1257 2930 decorique,
1296 2858 1592 2914 insumes.
1686 2859 1835 2915 Urbs
1868 2860 1982 2916 tibi
2014 2861 2345 2932 praecipue
2382 2875 2554 2926 quum

205 2926 539 2998 mugnfflcen-
584 2925 1008 2991 aedificiorum
1050 2926 1525 3000 magnificentia
1547 2965 1565 2994 ‚
1602 2936 1729 2987 tum
1765 2927 2050 2987 ludorum
2072 2966 2090 2992 ,
2131 2928 2553 2986 celebrabitur.

117 2995 138 3018 ⁸
206 2996 553 3051 :iucommu-
582 2998 790 3061 Nam‚
850 2994 1134 3050 dominos
1181 3002 1270 3050 tot
1309 2989 1589 3068 gentium
1632 2999 1922 3055 omnibus
1971 2998 2149 3055 rebus
2196 3016 2557 3068 exsuperare

206 3067 333 3121 dam
352 3082 482 3122 esse.
579 3070 848 3132 ceteros,
901 3066 1210 3132 convenit,
1266 3074 1444 3136 atque
1475 3063 1626 3122 haec
1668 3084 1897 3142 quoque
1918 3071 1992 3138 in
2040 3070 2304 3141 speciem
2328 3068 2557 3126 ¹'inania
2660 3097 2661 3104 κ

580 3134 813 3189 habent
845 3130 1114 3201 aliquid,
1170 3132 1327 3204 quod
1359 3134 1421 3188 in
1453 3138 1761 3196 mentibus
1789 3139 2091 3195 sociorum
2119 3139 2556 3202 reverentiam,

580 3201 744 3277 apud
778 3202 980 3258 hostes
1012 3209 1305 3260 terrorem
1342 3203 1583 3260 excitet.
1686 3259 1689 3264 ,

710 3298 873 3360 L1V.
925 3307 1021 3363 Ita
1054 3304 1225 3360 domi
1259 3310 1600 3378 constituta
1634 3310 1982 3381 republica,
2041 3310 2258 3368 ceteris
2292 3308 2557 3366 nationi·

582 3377 692 3434 bus
743 3379 971 3444 optime
1023 3374 1480 3445 moderaberis,
1539 3377 1593 3433 si
1627 3378 1803 3434 nulla
1846 3379 2221 3452 populorum
2260 3378 2556 3440 consilia,
2656 3413 2659 3420 ‹

579 3445 784 3503 nullos
820 3452 1151 3502 conuentus
1177 3444 1450 3514 publicos
1488 3465 1611 3504 esse
1643 3449 1929 3518 patiaris.
1989 3450 2143 3505 Hinc
2174 3452 2339 3504 enim
2377 3464 2561 3519 neque

583 3516 729 3570 boni
778 3516 1112 3589 quidquam
1167 3516 1643 3583 eas-spectandum
1681 3519 1796 3572 erit
1842 3534 2139 3585 usquam,
2204 3525 2267 3574 et
2310 3515 2561 3573 subinde

579 3586 901 3641 turbarum
954 3581 1193 3654 aliquid
1224 3599 1297 3639 ac
1337 3594 1541 3641 motus
1583 3587 1831 3648 orietur,
1911 3588 1981 3645 ld
2018 3590 2221 3644 minus
2267 3584 2564 3657 aegresc-

581 3664 752 3720 unt,
792 3657 845 3709 si
869 3674 943 3709 ne
980 3654 1336 3710 Romanum
1372 3654 1609 3726 quidem
1644 3656 1938 3726 populum
1974 3658 2055 3711 ad
2090 3654 2286 3712 ullam
2320 3653 2559 3711 consul·

579 3726 884 3780 tationem
915 3720 1224 3787 publicam
1247 3725 1454 3778 vocari
1486 3727 1901 3795 cognoverint.
1936 3724 2340 3782 Prohibenda
2372 3727 2558 3780 etiam

575 3794 692 3848 erit
738 3788 1121 3856 aedificandi
1158 3790 1504 3864 cupiditas,
1558 3813 1634 3848 ne
1673 3792 1854 3866 plura
1899 3802 2007 3850 aut
2060 3798 2557 3862 sumptuosiora,

577 3877 759 3927 quam
811 3862 894 3914 sit
938 3876 1119 3931 opus,
1174 3863 1417 3919 enciten
1555 3864 1760 3940 Neque
1796 3865 1862 3919 in
1917 3862 2201 3920 ludorum
2252 3866 2561 3933 impensas

535 3984 540 3990 ,
560 3929 726 4005 ferri
763 3928 999 3985 debebit
1038 3928 1201 3998 apud
1232 3931 1341 3987 hos
1372 3950 1410 3986 u
1467 3949 1505 3987 a
1539 3933 1848 4003 profusio.
1900 3953 1977 3988 ne
2011 3953 2119 4004 per
2152 3934 2444 3988 inanium
2472 3950 2557 3986 re·
2616 3923 2631 3946 ⁸

578 4018 720 4053 rum
755 3996 958 4054 studia
1002 4005 1061 4052 et
1079 3995 1338 4067 futilem
1354 4000 1788 4082 ⁹ambitionem
1826 4003 1894 4057 in
1942 4003 2123 4058 rixas
2151 4009 2262 4059 aut
2308 4019 2560 4073 pauper·

577 4072 769 4123 tatem
801 4066 1102 4149 incidant:
1161 4068 1478 4126 Celebrent
1501 4087 1648 4127 sane
1680 4070 1859 4127 ludos
1888 4070 2184 4143 quosdam
2219 4089 2292 4150 ac
2324 4078 2555 4141 specta·

579 4132 745 4203 ⁶⁸1⁰,
785 4135 1053 4208 exceptis
1076 4152 1145 4190 m
1184 4148 1466 4197 nostrum
1497 4158 1727 4199 morem
1760 4140 2171 4215 equestribus.-
2218 4138 2328 4200 sed
2359 4140 2555 4198 hacte-
