2675 4642
491 298 584 361 m
624 295 932 361 LOCUM
970 294 1133 358 Lm.
1179 294 1407 363 cxvl.
1451 294 1680 364 leu.
1968 301 2082 369 24¹

202 506 383 571 LIV.
446 499 1062 585 Exscendentemss
1105 499 1337 564 lectica
1390 501 1732 566 Caesarem
1778 504 1928 568 Sex.
1958 506 2085 567 Po.
2148 504 2219 562 U.
2240 523 2290 561 e.
2307 506 2430 576 708.

90 589 311 673 pillius
343 593 601 649 Laenas
636 599 897 647 secreto
935 604 1236 647 sermone
1270 584 1381 644 diu
1411 582 1718 648 detinuit:
1763 586 1934 648 unde
1965 589 2085 650 ite·
2144 576 2312 658 Anc-
2336 580 2428 643 44·

92 692 225 730 rum
275 668 581 731 formido
624 668 942 737 consciis,
1002 687 1086 729 ne
1140 665 1411 726 consilia
1464 687 1575 727 sua
1623 668 2083 749 proderentur.
2114 647 2464 767 rffi'a‘jff‘

94 757 241 814 Nam
284 773 366 813 ea
408 751 678 836 quidem
711 750 780 810 in
814 769 924 820 re,
968 762 1231 832 praeter
1268 746 1595 809 adsuetam
1635 753 1883 833 magnis
1917 754 2091 814 ausis
2118 783 2240 837 ιη,
2389 743 2414 760 ‘

103 833 652 916 trepidationem,
723 832 890 892 miro
937 826 1186 911 gemini¹
1224 830 1474 891 erroris
1516 830 1807 894 ludibrio
1849 853 2093 918 prope·
2245 815 2264 838 ⁰

107 916 351 976 nodum
401 916 542 998 ipsi
582 914 963 974 detexerunt
998 912 1193 992 animi
1235 908 1559 992 destinata.
1643 913 1872 977 Paullo
1897 917 2095 979 ‘enim

110 1012 227 1059 ante
261 999 524 1059 Cascae
562 996 818 1078 quidam
859 993 1196 1054 familiaris
1219 1036 1236 1067 ‚
1296 988 1412 1054 sed
1451 993 1640 1074 hujus
1681 996 1943 1060 consilii
1980 1020 2096 1061 ex-

104 1101 240 1164 pers
264 1123 281 1153 ‚
331 1079 678 1164 prehensa
712 1075 850 1157 ejus
886 1096 1111 1147 manu,
1161 1074 1248 1135 Tu
1280 1096 1445 1148 vera,
1491 1076 1742 1160 inquit,
1787 1101 1882 1140 nos
1916 1081 2098 1158 celasti

101 1164 159 1220 de
191 1182 402 1220 arcano
426 1203 443 1234 ‚
497 1158 606 1238 sed
636 1159 857 1217 Brutus
902 1156 1054 1217 nobis
1106 1174 1330 1238 exprom
1368 1160 1447 1216 sit
1495 1164 1691 1219 omnia.
1777 1162 1898 1236 Et,
1964 1160 2096 1226 nisi

99 1244 305 1326 paullo
359 1239 555 1325 post,
616 1236 906 1323 stupente
951 1238 1182 1309 Casca,
1247 1261 1320 1301 su
1368 1233 1651 1318 jeciss'et,
1726 1243 1881 1304 Unde
1917 1247 2098 1326 igitur

103 1344 178 1382 eae
209 1323 314 1384 tibi
337 1323 548 1407 fiebito
581 1338 737 1402 opes,
781 1340 848 1380 ut
882 1324 1118 1402 cogitare
1151 1319 1289 1400 ausis
1321 1321 1704 1382 aedilitatem?
1764 1320 2099 1387 minimum

105 1406 347 1481 aberat,
425 1405 591 1489 quin
630 1403 829 1466 Casca
873 1422 1014 1464 rem
1055 1422 1309 1465 omnem
1348 1416 1665 1488 tamquam
1706 1427 1907 1491 gnaro
1942 1429 2097 1491 ape.

102 1488 275 1550 riret.

211 1595 357 1657 LV.
420 1592 515 1656 Et
549 1592 825 1654 Brutum
864 1604 1055 1675 atque
1097 1586 1368 1655 Gallium
1414 1589 1770 1678 impensius
1816 1590 2095 1657 salutans
2148 1601 2481 1657 consciorum

106 1678 425 1763 Popillius
449 1716 468 1748 ‚
519 1676 900 1759 priusquam
937 1674 1149 1736 a'diret
1180 1678 1518 1738 Caesarem
1540 1715 1559 1750 ‚
1604 1675 1765 1738 clam
1806 1678 2098 1738 insusur·
2125 1673 2437 1743 ‘'wid‘'ffl·

112 1764 294 1832 ravit,
357 1775 571 1839 optare
613 1755 934 1837 prosperum
984 1777 1233 1816 eventum
1283 1761 1663 1839 cogitatorum.
1714 1759 1816 1838 Jed
1853 1779 2102 1819 emanare

118 1864 233 1904 rem:
281 1858 687 1923 properarent.
775 1834 963 1897 Hunc
993 1834 1196 1920 igitur
1226 1858 1370 1900 cum
1400 1841 1677 1901 Caesare
1702 1835 1944 1902 tamdiu
1968 1840 2104 1903 col-

117 1924 478 2008 loquentem
518 1919 828 2004 profecto
866 1918 1129 1981 deferre
1168 1918 1480 1982 indicium
1517 1922 1850 1984 rebantur.
1892 1937 1962 1982 et
1991 1921 2104 1982 ad·

118 2008 448 2068 movebant
478 2002 783 2080 nonnulli
820 2000 937 2062 sub
972 2011 1119 2084 toga
1157 2002 1552 2086 pugionibus
1591 2024 1848 2078 manus,
1898 2003 2104 2066 inter·

125 2086 330 2148 secturi
388 2084 797 2167 semetipsos
822 2124 838 2157 ,
917 2083 1288 2167 priusquam
1348 2084 2100 2168 comprehenderenturt

136 2187 295 2250 quum
325 2171 631 2237 Brutus,
694 2164 1105 2231 considerato
1152 2162 1476 2229 adtentius
1526 2168 1826 2229 Laenatis
1884 2165 2097 2252 gestu,

131 2269 325 2331 preces
358 2269 525 2312 eum
549 2288 568 2321 ,
625 2266 756 2306 non
794 2246 1101 2307 indicium
1128 2289 1145 2320 ‚
1194 2244 1462 2309 deferre
1503 2249 1898 2329 conjiciens,
1991 2249 2099 2310 uia

129 2333 382 2392 sermoni
428 2350 572 2390 non
609 2341 747 2388 erat
779 2328 1000 2401 locus,
1044 2326 1345 2390 hilariori
1375 2330 1611 2392 intuitu
1639 2331 1917 2396 advertit
1996 2353 2099 2393 aa·

120 2413 298 2486 sium,
341 2427 419 2475 et
456 2433 495 2472 a
536 2431 615 2471 re
652 2410 1133 2493 praecipitanda
1170 2409 1455 2474 abduxit.

210 2537 381 2600 LVI.
433 2531 711 2596 Interim
746 2533 1095 2594 Antonium
1134 2554 1256 2617 pro
1295 2530 1553 2600 foribus
1587 2533 1808 2607 curiae
1832 2538 1902 2601 C.
1928 2541 2093 2600 Tre·
2155 2539 2427 2599 Antonius·

110 2615 327 2680 bonius
374 2619 592 2698 longo
637 2633 937 2676 sermone
978 2614 1312 2678 distinuit:
1371 2617 1511 2681 sive
1552 2638 1635 2682 ne
1679 2621 1901 2705 perire
1935 2622 2093 2682 Cae·
2120 2608 2474 2665 euru-onon!-

116 2721 306 2762 earem
346 2699 563 2760 homo
603 2694 1050 2778 praevalidus,
1117 2712 1183 2760 et
1224 2696 1542 2779 majestate
1584 2703 1955 2763 consulatus
1994 2718 2095 2764 ar·-
2120 2684 2469 2734 susan-Cae·

112 2797 300 2844 matus
323 2822 342 2855 ,
393 2782 671 2864 impune
712 2778 999 2853 sineret3
1045 2779 1186 2841 sive
1215 2803 1298 2843 ne
1327 2782 1469 2866 ipse
1499 2784 1772 2868 periret.
1857 2786 2098 2845 Fuerat
2119 2762 2264 2803 ’.η’

111 2866 272 2925 enim
306 2860 719 2934 dubitatum,
768 2859 925 2942 quid
959 2862 1244 2924 Antonio
1284 2861 1430 2925 fieri
1474 2877 1832 2951 oporteret.
1920 2869 2099 2926 Non-

107 2946 293 3007 nullis
334 2946 533 3005 illum
570 2952 867 3025 quoque,
915 2942 1032 3004 sed
1072 2958 1139 3005 et
1170 2945 1488 3028 Lepidum
1529 2948 1672 3023 tolli
1706 2945 2099 3027 jubentibus,

106 3029 321 3090 mitior
357 3026 697 3088 sententia
731 3024 911 3089 vicit.
996 3025 1272 3088 Nolebat
1288 3030 1556 3101 Brutus,
1601 3050 1917 3110 quemquam
1937 3046 2102 3108 prae-

112 3129 187 3168 ter
220 3109 523 3190 Caesarem
562 3107 731 3165 occidi
749 3147 766 3177 ,
836 3125 939 3184 quo
978 3102 1117 3165 nihil
1160 3106 1314 3168 aliud
1351 3129 1383 3166 a
1408 3110 1468 3188 fi,-
1501 3115 1729 3188 petitum
1750 3148 1767 3181 ‚
1831 3129 1988 3190 quam
2023 3109 2100 3167 li-

56 3188 408 3279 stmnaem,
469 3187 585 3270 ipsa
625 3205 785 3266 opere
823 3186 1270 3264 demonstrarent.
1354 3188 1618 3252 Profuit
1665 3192 1857 3252 etiam
1893 3189 2098 3252 Anto-

116 3272 241 3348 nio,
285 3268 479 3359 quod
517 3271 589 3331 C.
622 3264 993 3329 Trebonius
1035 3268 1298 3330 cum'eo
1342 3293 1412 3333 se
1441 3271 1741 3347 Narbone
1780 3273 1906 3335 hoe
1940 3292 2097 3333 con-

119 3353 315 3416 silium
357 3350 613 3436 cepiss'e
651 3348 940 3411 dicebatt
985 3370 1252 3437 eamque
1287 3374 1425 3416 rem
1458 3374 1805 3438 numquam
1834 3348 2096 3418 Caesari

114 3435 514 3502 indicaverat
554 3432 900 3493 Antonius.
1805 3426 1811 3447 ¹

215 3561 425 3626 LVII·
473 3553 614 3617 Sed
655 3554 724 3614 in
761 3554 975 3627 curia,
1021 3572 1216 3639 quum
1252 3552 1647 3640 ingredienti
1683 3552 1943 3621 Caesari
1984 3576 2086 3619 se·
2148 3553 2354 3614 Ouarar

111 3654 276 3702 natus
312 3635 1340 3715 adsurrexiss'et„conjuratorum
1373 3640 1481 3700 alii
1516 3641 1739 3701 sellam
1772 3641 1907 3719 ejus
1938 3660 2083 3723 spes
2108 3630 2376 3684 “mms-

115 3721 204 3782 eie
238 3722 464 3784 officii
517 3716 1120 3792 circumsteterunt.
1175 3740 1326 3803 pars
1377 3721 1778 3798 adcess'erunt
1821 3721 1897 3782 ad
1940 3740 2082 3784 eum

114 3819 242 3862 eum
272 3803 504 3863 Tullio
541 3799 809 3862 Cimbro
833 3840 849 3873 ,
912 3815 1227 3886 tamquam
1271 3824 1394 3889 pro
1433 3803 1637 3866 fratre
1683 3803 1820 3884 ejus
1862 3805 2084 3864 exsule

173 3988 252 4044 Ca
298 4026 316 4042 .
347 3986 509 4044 LVI.
561 3985 698 4040 Dio.
740 3984 992 4059 Appian.
1046 3988 1170 4045 cic.
1208 3984 1283 4045 ad
1310 3988 1470 4045 Fam.
1506 4008 1586 4055 ιο,
1621 3986 1708 4045 28.
1750 3996 1809 4043 et
1840 3980 1988 4042 Phil.
2023 4004 2078 4058 ω,
2128 3996 2131 3997 ’

116 4008 326 4124 14ης,
363 4076 450 4115 ιο.
489 4054 648 4109 Plut.
688 4055 853 4113 Caes.
887 4067 945 4110 et
976 4059 1163 4113 Bruto
1227 4069 1283 4113 et
1314 4058 1527 4115 Antou.
1565 4058 1701 4113 Dio,
1739 4056 1890 4111 Plut.
1929 4052 2084 4110 Bru·

111 4123 485 4250 meppiam
529 4123 689 4181 Vell.
721 4143 772 4191 2,
803 4125 894 4180 58.
961 4125 1109 4198 Gap.
1142 4096 1323 4190 ssvn.
1370 4126 1501 4186 Cic.
1535 4124 1692 4199 Phil.⁸
1722 4144 1773 4195 ι,
1807 4135 1888 4196 ι4.
1923 4121 2093 4194 Pluto,

231 4214 265 4250 o
311 4234 327 4249 .
1995 4216 2005 4245 x

216 4278 537 4356 sappum.
558 4279 693 4342 mv.
716 4277 1086 4344 romxm
1162 4300 1220 4359 ,-
1363 4260 1374 4275 “
1605 4262 1670 4363 Q
