2675 4642
528 316 532 321 .
564 258 696 342 304
725 200 2537 334 nnmnsnauepmmmonmnmjnxxxvu.

232 471 303 528 U.
340 476 392 527 c.
422 488 547 541 ⁴7⁰0·
697 473 843 536 XV.
893 470 1001 532 Sed
1031 465 1418 549 enimstnatiss
1441 468 1600 547 prius
1623 462 1777 524 vobis
1808 464 2145 546 exploranda
2173 466 2428 531 voluntas
2454 466 2541 546 est.

229 544 302 598 Δ.
342 545 406 598 C.
443 542 535 609 43.
576 554 793 618 Scilicet
829 544 978 631 ejus,
1043 570 1201 631 queml
1241 549 1522 631 praeclare
1555 547 1713 629 scitis
1756 550 1814 607 vi
1856 547 2110 690 ogseffum
2149 550 2544 633 ,opprfffumqm

195 700 226 735 5
224 613 515 733 ⁶55J51‘5‘22‘
564 638 895 721 sententiam
930 633 1089 715 suam
1127 654 1235 692 non
1273 632 1478 691 audere
1509 625 1789 709 profiteri.
1871 631 2047 714 ,Quod
2071 627 2133 710 [ἰ
2172 654 2303 692 vero
2349 635 2546 715 discere

197 768 257 802 oo
289 763 518 818 tempore
566 720 725 781 vobis
770 737 931 778 curae
964 713 1044 794 Jt't
1064 757 1081 786 ,
1141 715 1276 795 quid
1311 713 1454 773 liber
1492 730 1547 771 et
1574 711 1709 793 suae
1741 713 2019 792 potestatis
2047 713 2273 794 senatus
2309 720 2543 798 censeat,

198 813 501 888 exspectan·
563 797 1086 885 senatusconsultum
1128 794 1503 876 introspicite,
1565 812 1670 875 quo
1715 793 1846 853 mihi
1872 787 2162 877 Brutoqu'e
2206 815 2355 878 opem
2390 799 2549 880 ferre

199 888 320 941 dam
336 895 510 956 negat.
561 885 700 967 soc-fi
735 885 992 961 amicique
1027 899 1203 938 omnes
1226 877 1391 958 juber
1409 897 1528 937 tur.
1621 872 1707 936 Tu
1753 894 1885 934 vero
1904 919 1924 945 ,
1965 874 2027 956 st
2063 879 2197 959 quid
2237 901 2485 961 umquam
2515 899 2550 938 a

454 966 461 977 '
571 965 804 1027 Rhodiis
838 961 1143 1043 profectum
1178 961 1250 1038 est
1285 964 1346 1019 in
1373 899 1640 1019 komanos
1674 956 1834 1040 offi'cii
1851 999 1870 1029 ,
1913 959 2208 1041 diligenter
2243 963 2550 1040 meministi:

566 1048 812 1130 praemia
833 1086 851 1118 ‚
917 1062 1050 1123 quae
1093 1042 1243 1102 vobis
1285 1034 1736 1115 abundanttffime
1767 1038 1906 1119 fient
1946 1042 2204 1115 reddita,
2259 1050 2549 1123 praeteris.

482 1126 486 1134 ⁴
571 1127 736 1211 ,Quid
771 1145 949 1184 autem
981 1123 1129 1185 vobis
1162 1121 1409 1205 prodeffe
1445 1112 1456 1129 ³
1498 1118 1654 1199 ffimt
1685 1119 1963 1202 bettefacta
1996 1125 2280 1203 majorum,
2313 1124 2377 1206 fi
2401 1124 2551 1205 d'ffi-

570 1210 729 1270 miles
776 1208 857 1267 his
905 1203 1003 1286 effe
1053 1206 1331 1287 pergitis?
1398 1202 1689 1262 ‘'uz-erunt
1728 1198 1813 1263 illt
1850 1224 1963 1263 rem
1998 1202 2342 1268 Romanam·
2376 1231 2437 1268 at
2466 1229 2555 1267 vos

573 1290 827 1373 deseritis
846 1331 863 1361 ,
927 1306 1090 1369 quum
1141 1289 1372 1362 maxime
1419 1298 1550 1365 opus
1597 1285 1749 1343 bonis
1783 1280 2145 1367 fidelibusque
2172 1287 2337 1369 sociis
2374 1289 2557 1350 habeat

573 1370 898 1454 respublica.
981 1372 1073 1428 An
1114 1389 1219 1428 non
1236 1410 1255 1442 ,
1304 1364 1570 1450 siquidem
1601 1365 1897 1447 Dorienses
1941 1368 2143 1450 censeri
2180 1391 2431 1453 magnum
2470 1371 2555 1450 est,

564 1453 859 1537 subvenire
893 1448 1257 1532 pulcherrimo
1292 1449 1541 1530 imperio,
1585 1467 1726 1506 nunc
1742 1444 1852 1528 fich
1881 1453 2189 1529 iniquorum
2220 1458 2424 1513 civium
2451 1474 2560 1512 ma.

576 1533 765 1614 leficiis
798 1532 1112 1602 laboranti,
1171 1553 1266 1592 vos
1307 1531 1588 1612 oportuit:
1649 1548 1703 1588 et
1736 1530 1825 1588 vel
1864 1532 1987 1590 hinc
2021 1533 2204 1604 ordiri
2238 1539 2556 1607 amicitiam,

577 1613 788 1696 etiamsi
811 1613 968 1675 nulla
1004 1611 1153 1673 vobis
1190 1616 1498 1694 antiquitus
1537 1629 1654 1669 cum
1689 1616 1899 1672 nomine
1921 1614 2366 1695 Romano-fuiffet
2384 1619 2412 1676 ‚²
2461 1619 2559 1678 Vos

577 1719 758 1759 autem
798 1703 878 1767 ita
912 1715 1008 1756 vos
1039 1699 1273 1775 geritis,
1331 1711 1603 1773 tamquam
1648 1691 1821 1754 adhuc
1862 1715 1896 1752 a
1931 1694 2270 1755 Telchinibus
2305 1698 2560 1758 incolere-

582 1779 932 1921 turdinsula3
975 1797 1042 1836 ne
1071 1780 1228 1861 forte
1265 1776 1495 1838 oblitum
1530 1773 1774 1835 Rhodiae
1802 1775 2054 1854 historiae
2079 1794 2259 1858 putes.
2332 1782 2441 1842 Sed
2467 1780 2561 1859 ista

581 1883 674 1944 qut
717 1884 796 1920 em
832 1879 1011 1920 mitto.
1146 1888 1147 1891 ¹
1310 1906 1316 1918 .

225 1967 397 2034 &ubet
412 1966 558 2036 ipsos
703 1961 877 2024 XVI.
936 1961 1050 2030 At,
1096 1957 1225 2036 quia
1263 1957 1575 2034 provocatis
1610 1953 1683 2014 ad
1705 1954 1910 2037 foedus
1931 1998 1949 2027 ,
1996 1958 2142 2035 quod
2173 1976 2389 2017 auctore
2421 1957 2552 2019 Cae-

209 2038 508 2118 meminisse
573 2042 737 2129 fh're,
782 2045 874 2123 qui
911 2059 966 2100 et
1006 2039 1392 2097 dominationis
1414 2035 1542 2117 fuit
1576 2055 1797 2113 auctor,
1854 2036 2064 2115 fhctum
2099 2040 2206 2118 cst,
2265 2059 2336 2098 an
2371 2060 2473 2098 non
2505 2060 2559 2098 eo

203 2109 467 2191 9⁶⁰‘4'7'5’
584 2124 697 2208 ipso
719 2127 1049 2193 continetur,
1095 2119 1395 2179 Romanum
1422 2118 1694 2181 Rhodium
1732 2141 1796 2179 ue
1828 2119 2088 2199 populos,
2130 2125 2216 2180 uti
2243 2125 2413 2181 cuivis
2439 2138 2565 2202 opus

589 2206 717 2287 esset
739 2248 756 2280 ‚
812 2209 1038 2266 invicem
1075 2199 1343 2260 auxiliari
1377 2199 1613 2263 debere?
1672 2206 1833 2285 ,suin
1869 2205 2043 2282 igitur
2079 2203 2274 2281 adestis
2311 2204 2409 2263 hoc
2441 2224 2568 2264 tem-

588 2280 721 2374 pore
748 2286 956 2369 fitmmo
988 2289 1051 2344 in·
1079 2280 1319 2365 periculo
1351 2281 1700 2358 constitutis?
1742 2285 1835 2349 En
1866 2282 2054 2364 adsum
2090 2286 2157 2346 C.
2187 2281 2424 2363 Caffius,
2463 2286 2570 2348 Ro-

593 2391 785 2433 manus
813 2389 990 2440 certe,
1038 2388 1130 2426 nec
1170 2367 1304 2423 civis
1340 2365 1493 2423 modo
1512 2406 1529 2436 ,
1567 2361 1700 2439 sed,
1732 2362 1790 2445 st
1812 2385 1920 2445 qua,
1945 2367 2422 2447 senatusconsultis
2438 2364 2572 2446 fides

592 2453 701 2532 est,
746 2456 1063 2531 imperator,·
1107 2466 1161 2506 et
1197 2467 1267 2504 ex
1296 2445 1411 2527 lege
1431 2446 1684 2529 foederis
1714 2446 1924 2507 auxilia
1954 2448 2179 2528 postulo.
2233 2450 2449 2509 easdem
2481 2470 2570 2510 vo-

584 2530 675 2596 ⁸bis
695 2533 946 2617 foederis
979 2530 1030 2590 le
1067 2551 1119 2588 es
1153 2526 1249 2588 M.
1283 2530 1525 2600 Brutus,
1571 2531 1783 2590 easdem
1817 2529 1945 2590 Sex.
1975 2530 2261 2611 Pompejus
2297 2535 2574 2614 ingerunt,

524 2670 529 2676 .
587 2616 899 2699 praefectus
938 2635 971 2671 a
993 2551 1190 2694 signatu
1229 2613 1535 2670 maritimae
1570 2616 1672 2673 rei.
1771 2611 2063 2679 Aclcedunt
2090 2611 2415 2692 ⁸senatorum
2455 2633 2577 2694 pre-

592 2718 712 2770 ces,
756 2699 848 2776 qui
882 2696 955 2755 acl
988 2715 1103 2764 me,
1148 2710 1202 2750 et
1240 2694 1523 2765 Brutum,
1570 2713 1624 2754 et
1655 2693 1824 2767 hunc,
1870 2713 2023 2773 quem
2055 2695 2214 2766 dixi,
2264 2695 2577 2777 Pompejum

593 2801 664 2840 ex
696 2777 829 2838 urbe
862 2776 1248 2858 confugerunt.
1342 2771 1449 2835 Tot
1490 2797 1544 2845 et
1584 2775 1785 2836 talibus
1822 2779 1961 2835 viris
1985 2775 2267 2857 suppetias
2304 2782 2394 2837 ire
2428 2797 2580 2858 nega-

594 2861 727 2925 bitis
746 2902 764 2934 ,
809 2863 902 2939 qui
939 2878 1008 2917 ex
1027 2853 1282 2939 formula
1305 2856 1560 2937 foederis
1599 2857 1672 2918 ad
1712 2855 1981 2917 auxilium
2015 2857 2104 2918 vel
2136 2862 2230 2917 uni
2265 2864 2438 2920 cuivis
2472 2859 2581 2919 Ro-

598 2963 750 3003 mano
771 2942 1069 3024 serendum
1106 2940 1410 2999 tenemini?
1454 2941 1551 2999 Sin
1582 2961 1710 3001 vero
1740 2939 1833 2999 hos
1870 2941 2279 3019 tantummodo,
2323 2946 2423 3022 qui
2449 2962 2583 3019 nunc

558 3072 563 3077 -
593 3025 821 3087 Romam
858 3022 1044 3082 urbem
1072 3018 1338 3094 obtinent,
1384 3021 1752 3081 Romanorum
1781 3021 1892 3082 loco
1908 3046 1927 3094 ,-
1972 3044 2067 3082 nos
2096 3040 2195 3101 pro
2228 3023 2511 3104 exsulibus
2536 3043 2584 3085 et

511 3160 515 3167 .
588 3109 896 3189 peregrinis
928 3104 1166 3164 habetis:
1221 3122 1283 3161 at
1318 3123 1413 3163 vos
1446 3103 1689 3164 Romana
1720 3102 1957 3243 foedera
1994 3103 2223 3181 objicere
2262 3106 2416 3165 nobis
2455 3101 2583 3185 desi..
2625 3170 2626 3177 ἵ

592 3194 728 3250 nite.
815 3189 1120 3249 Serventur
1160 3204 1256 3256 ea,
1302 3188 1452 3247 inter
1484 3206 1617 3266 quos
1634 3181 1719 3266 sci
1743 3190 1848 3261 icet
1872 3206 2259 3247 convenerunt.
2329 3189 2582 3259 Interim,

591 3270 832 3343 Rhodii,
892 3266 998 3349 nisi
1063 3286 1222 3347 ponte
1263 3270 1531 3346 imperata
1562 3268 1824 3350 facietis,
1893 3266 1960 3328 ab
1999 3267 2084 3327 his
2119 3268 2396 3350 exsulibus
2431 3289 2587 3349 atque

589 3354 896 3435 peregrinis
915 3352 991 3431 ju
1040 3370 1071 3408 o
1104 3353 1295 3430 pioque
1329 3349 1468 3408 bello
1503 3352 1778 3438 petemini.

269 3465 362 3519 Aa
391 3482 551 3520 ama
715 3451 919 3515 XVII.
979 3449 1104 3508 His
1151 3447 1228 3508 ab
1268 3447 1593 3510 Archelao
1632 3445 1849 3509 Rhodi
1896 3447 2249 3530 expositis»,
2311 3446 2587 3517 Alexan·

215 3537 541 3607 pervenitur.
594 3533 716 3595 der
770 3547 835 3593 et
874 3535 1172 3593 Mnaseas
1220 3549 1364 3590 cum
1408 3530 1554 3601 illa,
1620 3551 1805 3612 quam
1861 3529 2339 3671 zraediximuS,
2408 3529 2582 3590 class'e

402 3612 411 3633 ⁸
593 3612 896 3697 Myndum
946 3612 1446 3693 adnavigarunt,
1513 3625 1829 3695 tamquam
1924 3632 1996 3672 ac
2044 3612 2343 3673 audac-iae
2390 3610 2585 3672 osten-

593 3697 840 3759 tatione
884 3698 1211 3756 Romanos
1262 3693 1605 3756 territuri:
1674 3693 2154 3778 compedesque
2201 3712 2296 3753 ma
2347 3716 2437 3754 no
2481 3715 2588 3751 nu-

594 3798 781 3839 mero
816 3774 1239 3838 monstrarunt
1274 3777 1547 3849 eminus,
1593 3790 1912 3860 tamquam
1953 3777 2243 3860 captivos
2279 3796 2317 3859 p
2347 3776 2587 3843 urimos

595 3861 662 3921 in
700 3858 1011 3944 potestate
1046 3880 1196 3919 mox
1228 3857 1552 3920 habituri:
1609 3856 1795 3931 hine,
1845 3858 1992 3940 quia
2026 3871 2220 3944 portu
2256 3878 2325 3919 se
2353 3860 2587 3933 Boma-

596 3952 678 4003 na
714 3941 976 4004 tenebat
1012 3942 1253 4015 clama,
1303 3941 1586 4003 Gnidum
1630 3941 1982 4026 petierunt.

604 4044 1280 4065 --.-----------
1933 4036 1936 4039 .

594 4086 965 4237 Algagiffv.
1004 4091 1244 4161 Strabo,
1273 4091 1314 4149 1.
1351 4093 1433 4160 14.
1464 4090 1676 4197 p.6{33.
1718 4089 1972 4166 Appian.
2050 4090 2197 4164 Gap.
2223 4086 2414 4144 XVII.
2452 4082 2583 4140 Dio.
