2675 4642
2353 182 2368 212 ἱ

529 249 627 313 m
666 244 979 336 poclm
1019 248 1188 313 Lm.
1237 247 1462 316 cxm.
1506 243 1740 319 mvn.
1891 309 1896 320 ,
2047 247 2165 315 ιω

139 457 263 521 bus
299 469 373 519 et
403 458 926 542 ignominiosus,
972 459 1170 545 quod,
1211 458 1445 546 paucis
1478 458 1797 543 exceptis,
1887 479 2008 524 uos
2039 461 2162 524 tri·
2221 455 2512 529 (1000705-

142 540 299 602 huni
339 540 705 614 faciebant,
751 543 926 604 ludis
962 539 1260 628 magister
1291 540 1585 627 equitum
1607 543 1833 626 ,praesi
1861 542 2035 628 ¹ebat
2056 563 2162 607 ac·
2218 527 2293 584 Δ·
2323 513 2510 597 θ’θ’

145 624 405 684 einctns
431 666 451 694 ‚
525 638 594 686 et
646 644 732 686 ne
778 624 1083 708 publicae
1140 624 1409 710 quidem
1451 623 1739 690 laetitiae
1782 622 2160 690 condonans
2493 671 2498 678 -

147 706 737 788 exprobrationem
777 706 1139 769 servitutis.

255 812 573 873 XXXIII.
639 811 752 874 Sic
790 810 1044 874 adfecta
1087 811 1393 886 civitate,
1452 813 1531 876 P.
1573 810 1923 875 Cornelius
1958 812 2160 876 Dola·
2226 816 2510 874 Tumulus

149 892 308 954 bella
344 897 633 956 exortus
661 892 751 956 est
773 914 1086 956 novarum
1107 895 1470 957 tabularum
1492 908 1742 967 auctor,
1771 893 2157 960 adolescens
2187 889 2250 941 ’ὅ
2265 887 2515 957 hem&

142 975 345 1036 audax
367 1017 387 1047 ‚
449 975 745 1046 nobilis,
791 976 1134 1038 obaeratus
1157 1018 1174 1049 ,
1221 977 1521 1061 qualibus
1562 976 1820 1040 scilicet
1854 977 1933 1038 ad
1968 998 2157 1040 ever·
2183 958 2399 1038 “3⁶⁸¹“
2430 975 2526 1014 '¹⁰‘

136 1056 410 1120 tendum
452 1059 675 1118 omnia
705 1057 871 1118 nihil
907 1056 995 1120 est
1025 1058 1333 1142 paratius.
1419 1062 1582 1122 Erat
1608 1058 1665 1119 is
1697 1078 1908 1142 nuper
1939 1080 2158 1123 exem·
2183 1040 2298 1081 ”⁸⁸

137 1141 244 1225 plo
272 1142 358 1200 P.
395 1140 628 1202 Clodii
666 1160 704 1201 e
736 1139 1035 1224 patriciis
1068 1140 1501 1224 transgress'us
1536 1139 1618 1202 ad
1689 1140 1925 1214 lehem,
1971 1161 2164 1205 occa·

140 1223 330 1284 sione
371 1221 562 1283 forte
602 1220 1000 1295 testamenti,
1060 1242 1192 1307 quo
1227 1222 1416 1285 Livia
1453 1222 1615 1287 here
1665 1242 1767 1284 em
1805 1221 2162 1288 institutum

141 1316 399 1365 mutare
438 1323 686 1365 nomen
724 1302 1019 1382 jufferat:
1064 1302 1182 1365 sed
1218 1303 1592 1368 tribunatus
1625 1305 1896 1390 petendi
1937 1307 2159 1369 consi-

138 1385 298 1446 lium
337 1385 606 1458 fuerat,
660 1387 728 1447 in
770 1403 901 1468 quo
935 1386 1119 1468 leges
1160 1404 1232 1447 se
1264 1386 1543 1447 laturum
1577 1383 1964 1458 confidebat,
2011 1388 2160 1471 qui-

138 1465 258 1528 bus
301 1481 375 1529 et
410 1468 570 1550 ipse
613 1467 893 1531 maximo
932 1486 1086 1530 aere
1126 1467 1342 1530 alieno
1382 1468 1797 1531 liberaretur.
1899 1469 2158 1532 Idcirco

140 1546 358 1611 factus
397 1548 714 1610 tribunus
754 1547 970 1633 plebis
1010 1570 1142 1612 non
1186 1548 1301 1610 diu
1345 1548 1601 1612 distulit
1642 1549 1724 1613 de
1763 1549 2000 1614 tabulis
2019 1547 2157 1612 ‘no-

142 1630 242 1693 vis
293 1634 734 1716 promulgare
787 1632 1195 1716 rogationem
1254 1632 1927 1718 plebi.gratiss¹imam.
2020 1631 2158 1696 Sed

140 1711 213 1773 1..
241 1712 680 1785 Trebellius,
737 1713 991 1797 collega
1027 1712 1448 1787 Dolabellae,
1508 1716 1583 1777 C.
1613 1714 1830 1777 Asinii
1862 1715 2158 1799 potentia

139 1793 400 1874 adjutus
423 1836 443 1868 ,
512 1793 921 1858 creditorum
972 1808 1275 1880 suscepta
1320 1795 1567 1868 causta,
1626 1795 2047 1881 optimatibus
2088 1809 2158 1861 et

140 1875 578 1961 locupletiori
616 1878 791 1961 parti
823 1875 1289 1940 civitatiserat
1318 1876 1833 1959 jucundiss'imus.

253 1999 574 2064 XXXIV.
631 1999 736 2063 Ab
787 2000 1023 2064 horum
1057 1993 1548 2068 concertatione
1585 2001 1801 2084 magni
1837 2001 2151 2068 tumultus
2198 1977 2429 2047 5⁸3⁰⁸3³
2444 1994 2534 2050 ἶ*

156 2082 400 2146 initium
445 2083 523 2143 in
561 2082 728 2164 urbe
763 2081 928 2146 fuit:
991 2079 1186 2169 quum
1230 2097 1507 2169 utraque
1555 2081 1758 2145 factio
1801 2086 2010 2170 captis
2047 2106 2152 2148 ar·
2174 2061 2497 2127 ‘'quui“

163 2167 275 2228 mis
311 2165 445 2248 vim
488 2164 782 2238 faceret,
832 2165 1237 2252 crebraeque
1273 2165 1432 2229 hinc
1470 2162 1627 2226 inde
1661 2165 1900 2229 caedes
1938 2181 2155 2251 patra-

162 2262 390 2311 rentur.
487 2246 702 2330 Igitur
754 2260 820 2309 et
873 2261 1134 2314 senatus
1184 2246 1545 2311 interceffit
1570 2288 1587 2318 ‚
1652 2268 1791 2311 rem
1830 2249 2156 2334 integram

156 2329 217 2391 in
250 2330 609 2392 adventum
642 2328 940 2392 Caesaris
980 2331 1230 2393 servari
1265 2329 1536 2411 jubens:
1581 2339 1647 2391 et
1676 2331 1999 2393 Antonius
2038 2353 2156 2416 ge..

149 2410 413 2475 statione
451 2431 788 2473 armorum
825 2412 895 2474 in
928 2413 1092 2475 urbe
1124 2412 1473 2476 interdixit
1498 2412 1790 2495 paganis.
1876 2412 2009 2480 Sed
2038 2415 2158 2480 ille

76 2500 79 2506 '
147 2509 365 2557 tamen
400 2495 480 2556 in
525 2494 786 2556 occulto
825 2493 1205 2558 Dolabellae
1242 2494 1539 2566 favebat,
1598 2495 1935 2578 popularis
1971 2495 2160 2560 favo-

147 2578 237 2640 ris
285 2593 567 2661 semper
606 2590 959 2659 appetens,
1026 2592 1094 2639 et
1127 2576 1195 2638 in
1234 2575 1464 2639 eadem
1498 2576 1704 2638 cauffa
1735 2575 2112 2642 constitutus
2134 2621 2154 2654 ‚

144 2680 267 2744 qua
318 2658 581 2732 ceteri,
646 2660 761 2742 qui
809 2679 1014 2722 novas
1061 2659 1311 2723 tabulas
1360 2656 1729 2743 cupiebant.
1813 2657 2159 2745 Postquam

142 2755 364 2805 autem
404 2760 724 2814 uxorem,
770 2742 985 2826 patrui
1026 2742 1131 2805 sui
1170 2742 1242 2806 C.
1276 2740 1551 2803 Antonii
1583 2737 1804 2813 filiam,
1844 2761 1988 2804 cum
2016 2744 2159 2806 Do-

145 2823 383 2887 labella
446 2822 657 2907 stupri
713 2823 1254 2902 consuetudinem
1308 2822 1554 2886 habere
1612 2823 1974 2907 comperit,
2044 2838 2157 2888 aut

147 2905 543 2991 comperisse
582 2917 760 2968 ratus
799 2903 926 2983 est3
986 2919 1054 2969 et
1099 2906 1277 2967 illam
1315 2906 1537 2989 exegit
1576 2903 1809 2976 domo,
1871 2920 1937 2970 et
1974 2905 2151 2969 hunc

149 3007 540 3073 oppugnare
580 2986 662 3048 ab
703 2986 938 3052 eodem
981 2987 1141 3050 odio
1178 2987 1422 3052 statuit:
1487 2987 1667 3071 plebi
1713 3008 1974 3073 quoque
2022 2986 2153 3068 jam

154 3069 358 3133 iratus
380 3113 399 3142 ‚
453 3092 492 3131 a
529 3089 654 3154 qua
689 3070 901 3155 pluris
939 3067 1090 3133 fieri
1122 3069 1551 3142 Dolabellam,
1600 3089 1788 3152 quam
1822 3091 1917 3146 se,
1962 3068 2152 3134 vidc-

151 3149 288 3225 bat,
352 3169 559 3235 quum
607 3152 777 3235 apud
828 3165 1119 3215 senatum
1162 3150 1524 3216 communis
1567 3151 1798 3237 culpae
1835 3153 2151 3235 majorem

156 3249 402 3319 partem
440 3235 593 3319 ipse
633 3235 1012 3298 sustineret.
1048 3313 1055 3318 ,

258 3357 546 3422 XXXV.
612 3359 756 3421 Jam
806 3372 946 3422 erat
990 3327 1460 3426 ei'concess'um
1497 3358 1577 3421 ab
1615 3369 1879 3428 senatu,
1946 3352 2143 3437 (juris
2167 3333 2523 3461 3ss222ae:

157 3443 320 3504 enim
345 3485 365 3515 ,
432 3439 615 3525 quod
658 3442 1045 3516 amiserant,
1108 3444 1458 3527 imaginem
1493 3442 1721 3503 saltem
1757 3437 2140 3511 tuebantur,
2168 3483 2233 3527 ,κ
2255 3477 2524 3545 „inhn-

144 3524 454 3624 jubentes
497 3524 671 3607 quod
705 3523 1061 3608 prohibere
1090 3546 1222 3587 non
1253 3525 1595 3614 poterant)
1634 3535 1727 3595 ut,
1770 3521 2144 3583 introducto
2167 3558 2260 3599 α,
2275 3546 2492 3605 mnu,x

147 3630 212 3670 m
253 3607 500 3668 urbem
548 3607 794 3678 milite,
856 3625 1020 3669 cum’
1056 3607 1333 3691 reliquis
1387 3604 1738 3677 tribuniss
1768 3603 1884 3685 qui
1930 3599 2150 3669 neutri

144 3689 429 3775 partium
497 3708 568 3749 se
623 3687 1093 3769 conjunxerant
1116 3732 1134 3764 ‚
1203 3687 1692 3772 rempublicam·
1730 3684 2144 3748 defenderet.

140 3792 363 3862 neque
393 3770 670 3837 multum
708 3791 790 3835 eo
823 3773 1103 3836 consilio
1135 3770 1510 3858 profectum
1545 3768 1626 3831 ad
1660 3768 1950 3853 quietem
1981 3779 2146 3842 erat,

206 3961 291 4016 Ca
346 3999 361 4012 .
392 3911 665 4021 XXXIII.
719 3958 875 4016 Plut.
916 3958 1134 4016 Anton.
1174 3958 1317 4014 Dio.
1369 3957 1495 4012 Cic.
1530 3954 1605 4011 ad
1637 3954 1756 4014 Att.
1786 3973 1853 4023 ¹7,
1888 3953 1944 4012 8.
2003 3953 2143 4014 Dio.

139 4029 259 4091 Liv.
334 4028 450 4106 pit.
498 4027 621 4086 Cic.
655 4026 732 4081 ad
758 4025 881 4110 Att.
910 4048 989 4093 ιι,
1020 4030 1108 4085 23.
1147 4028 1283 4113 Djo.
1322 4028 1474 4109 Plut.
1512 4027 1733 4081 Anton.
1773 4026 1896 4108 (pic.
1918 4024 2067 4079 Phil.
2090 4027 2142 4092 6,

140 4101 345 4238 husa
381 4098 721 4226 ἱ,(,ΞΚΧΧΠΚ
761 4098 902 4154 Dio.
938 4098 1257 4161 Plancio.
1282 4096 1436 4160 Pha.
1466 4100 1627 4200 ².’²⁵‘
1671 4093 1758 4156 Id.
1782 4092 2045 4186 {mdc-⁹³⁸·
2080 4101 2141 4154 et
