2675 4642
538 182 544 191 ’
593 233 681 311 4⁰
771 222 2042 299 anusu.sm³1³nrmronnu
2061 224 2210 292 Lm.
2239 170 2506 301 Lxxvss

928 399 933 404 ·
2051 393 2080 417 Ἣ

273 441 558 514 U.c.703.
717 442 919 505 xxn.
961 442 1110 505 Hoc
1151 459 1355 525 opere
1394 436 1606 526 prop‘e
1638 440 1968 514 confecto,
2011 434 2324 519 Afranius
2359 452 2425 505 et
2455 444 2597 507 Pe-

271 519 341 571 Α·
377 516 443 573 C·
468 522 559 583 49·
596 525 803 606 trejus
826 568 843 598 ,
889 525 1228 597 timentes,
1274 543 1360 584 ne
1443 518 1774 586 raevalido
1806 523 2105 584 Caesaris
2144 524 2435 606 equitatu
2470 542 2599 608 pe-

231 586 573 652 H⁰st‘³⁰⁶‘⁰‘
599 608 775 669 nitus
836 607 1162 671 frumento
1219 604 1392 689 pabu
1420 624 1592 689 oque
1642 602 2278 677 intercluderentur,
2341 607 2601 669 bellum

219 671 408 779 5:2⁸2*
453 671 551 726 μ’
598 690 680 753 ad
713 689 969 751 Iberum
1010 686 1279 757 fiuvium
1321 688 1389 747 in
1429 684 1854 748 Celtiberiam
1892 685 2256 749 transferre
2289 685 2598 752 statuunt.

161 777 165 781 ’
351 757 371 781 ’
419 775 425 785 '
580 772 806 856 'Igitur
836 770 918 831 ad
946 770 1380 852 Octogesam,
1409 821 1414 831 .
1449 768 1626 852 quod
1671 765 1752 827 ad
1788 767 2050 828 Iberum
2099 766 2189 831 est
2235 770 2552 853 oppidum
2574 812 2597 847 ‚

530 897 535 903 -
596 862 864 940 pontem
904 849 1051 912 fieri
1085 851 1173 910 im
1221 846 1457 913 erantt'
1484 848 1991 933 legionibusque
2026 850 2273 913 duabus
2306 853 2605 916 Sicorim

595 935 1030 1006 transductis,
1092 942 1165 994 c'a
1218 953 1286 993 ra
1330 933 1648 994 muniunt.
1732 932 1916 993 Haec
1964 933 2077 995 ubi
2130 947 2280 995 sunt
2326 937 2605 999 Caesari

596 1038 722 1103 per
763 1016 1212 1099 exploratores
1249 1016 1507 1097 cognita
1529 1056 1547 1087 ,
1592 1027 1825 1075 noctes
1862 1012 2138 1099 diesque
2176 1015 2400 1080 labore
2421 1030 2606 1079 ‘con-

599 1100 851 1162 tinuato
891 1117 970 1159 eo
1008 1116 1151 1158 rem
1185 1096 1487 1168 deducit,
1531 1110 1603 1158 ut
1638 1095 1762 1175 jam
1786 1137 1805 1168 ,
1865 1095 2021 1158 licet
2057 1104 2294 1181 aegre,
2339 1099 2626 1184 possem:

599 1193 814 1242 tamen
868 1193 931 1241 at
978 1199 1059 1240 ue
1115 1177 1433 1239 auderent
1491 1178 1746 1261 equites
1800 1175 1939 1255 ejus
1987 1177 2229 1243 flumen
2282 1182 2608 1245 transire.

600 1262 812 1346 Igitur
845 1259 931 1333 ho
986 1281 1058 1322 es
1081 1303 1098 1335 ,
1143 1256 1568 1322 festinandum
1604 1261 1764 1334 rati,
1808 1261 2145 1343 praesidio
2182 1263 2434 1327 Ilerdae
2471 1263 2614 1323 inu

600 1345 861 1430 posite,
906 1343 1206 1409 omnibus
1244 1342 1457 1425 copiis
1496 1342 1778 1403 Sicorim
1815 1355 2191 1420 transeunt,
2240 1358 2308 1409 et
2340 1364 2413 1425 se
2448 1363 2609 1411 cum

603 1424 968 1512 praemissis
1003 1423 1377 1510 legionibus
1415 1422 1835 1508 conjungunt.
2231 1422 2246 1444 ¹

264 1579 472 1634 Can„
496 1573 587 1631 fn.
727 1549 956 1615 xxm.
1004 1551 1243 1616 Caesar
1271 1549 1573 1633 legiones
1604 1549 1958 1614 immittere
1986 1568 2115 1614 non
2149 1563 2429 1636 poterat,
2465 1574 2612 1618 ama.

226 1648 494 1718 nquinat.
606 1635 1175 1719 neinterposito:
1244 1646 1347 1705 et,
1408 1630 1464 1692 si
1505 1650 1629 1715 per
1668 1645 1934 1714 pontem
1977 1634 2287 1708 duceret,
2346 1637 2615 1701 interea

604 1716 820 1783 hostes
864 1718 1258 1799 evadebant,
1319 1728 1463 1775 non‘
1495 1715 1771 1797 amplius
1810 1717 2049 1799 viginti
2082 1718 2368 1802 passuum
2400 1721 2614 1781 milli-

607 1799 732 1862 bus
770 1797 1081 1874 distante,
1128 1819 1318 1882 quam
1404 1798 1701 1870 etebant,
1747 1796 2111 1881 Octogesa,
2162 1816 2327 1886 quae
2360 1800 2617 1869 confici

498 1926 505 1929 -
610 1883 690 1944 ab
731 1882 1023 1944 exercitu
1066 1880 1298 1943 eodem
1333 1821 1441 1941 «fle
1481 1892 1804 1964 poterant.
1890 1881 2131 1964 Igitur,
2178 1882 2352 1965 quod
2391 1886 2618 1948 solum

533 2012 537 2023 .
610 1978 753 2027 erat
785 1965 1145 2046 reliquum,
1195 1963 1449 2046 equites
1487 1961 1808 2035 transire,
1856 1976 1922 2024 et
1958 1965 2202 2024 morari
2241 1985 2469 2048 agmen
2502 1967 2621 2046 ju-

609 2047 748 2109 bet.
845 2047 977 2118 Hi,
1035 2045 1397 2108 transmiss'o
1447 2041 1757 2118 flumine,
1823 2044 2231 2108 commodum
2286 2067 2620 2131 superve-

611 2130 836 2201 niunt,
882 2141 954 2189 ut
986 2140 1185 2190 noctu
1223 2126 1636 2189 moventibus
1675 2128 2016 2189 tumultum
2054 2127 2348 2190 facerent
2371 2171 2388 2203 ,
2439 2131 2623 2191 iter-

616 2232 745 2295 que
794 2209 1246 2294 prohiberent.
1332 2210 1571 2270 Ear'es
1605 2210 1928 2293 spectari,
1989 2212 2137 2273 luce
2179 2209 2472 2284 reddita,
2525 2233 2624 2276 ex

616 2294 930 2364 collibus,
977 2292 1091 2376 qui
1126 2289 1455 2377 conjuncti
1488 2292 1784 2375 Caesaris
1816 2290 2036 2354 castris
2068 2307 2271 2367 erant,
2320 2300 2617 2377 poterat.

598 2374 902 2444 ‚Accensi
950 2394 1113 2459 ergo
1163 2374 1408 2436 milites
1455 2387 1627 2435 tanta
1676 2374 2021 2437 occasione
2060 2375 2416 2451 victoriae,
2481 2398 2622 2462 per

614 2459 918 2519 tribunos
967 2469 1034 2519 et
1086 2457 1508 2521 centuriones
1551 2458 1897 2519 Caesarem
1944 2471 2169 2531 orant,
2228 2477 2294 2518 ut
2333 2458 2399 2539 se
2447 2477 2626 2520 trans

605 2536 822 2619 flumen
859 2540 1083 2601 duceret
1096 2563 1117 2612 ,-
1138 2563 1142 2570 ·
1162 2560 1269 2620 qua
1303 2524 1580 2620 equitatu?
1618 2539 1898 2617 transiffkt
1912 2580 1934 2611 ,
1977 2559 2039 2597 ea
2063 2539 2127 2622 Ji·
2150 2559 2364 2620 quoque
2399 2542 2625 2602 audere

620 2625 1020 2686 transmittere.
1109 2623 1354 2685 Caesar
1373 2661 1391 2693 ‚
1468 2619 1597 2682 etsi
1650 2619 1918 2682 timebat
1976 2622 2335 2685 exercitum
2391 2635 2625 2687 tantae

619 2701 1082 2787 magnitudinis
1136 2718 1204 2767 et
1251 2701 1620 2786 rapiditatis
1664 2700 1915 2764 flumini
1968 2702 2295 2785 objicere,
2350 2717 2623 2780 tamen,

621 2787 953 2850 alacritate
992 2805 1257 2847 suorum
1298 2799 1367 2846 et
1405 2804 1522 2868 spe
1562 2783 1731 2847 bene
1769 2786 2094 2868 gerendae
2133 2787 2232 2848 rei
2267 2785 2626 2864 excitatus,

620 2888 922 2952 magnum
959 2866 1395 2949 jumentorum
1432 2887 1767 2929 numerum
1808 2865 1979 2929 infra
2019 2890 2212 2953 supra
2260 2888 2344 2930 ue
2375 2867 2630 2932 consti.

617 2953 781 3015 tuit:
825 2950 1045 3012 medio
1086 2949 1295 3035 spatio
1325 2949 1610 3012 transire
1644 2949 1886 3011 milites
1918 2949 2123 3030 jubet.
2264 2963 2366 3012 rat
2396 2949 2630 3016 adhuc

619 3053 697 3100 ea
734 3030 1017 3097 fluminis
1056 3030 1364 3107 altitudo,
1411 3045 1485 3094 ut
1518 3029 1960 3095 tantummodo
2003 3032 2293 3096 humeris
2333 3046 2400 3094 et
2433 3054 2632 3096 sum-

617 3135 728 3178 mo
768 3128 1041 3198 pectore
1083 3112 1423 3179 exstarent.
1484 3114 1845 3177 transducti
1893 3128 2104 3176 tamen
2155 3128 2304 3177 sunt
2355 3115 2633 3178 incolu-

614 3217 794 3271 mes,
856 3194 1061 3281 ,quum'
1094 3218 1374 3282 paucos,
1436 3197 1550 3280 qui
1585 3195 1873 3260 fluminis
1911 3196 1980 3257 vi
2018 3197 2274 3280 abrepti
2312 3199 2632 3276 fuerant,

620 3280 945 3365 equitatus
996 3280 1367 3367 excepiss'et.
1466 3280 1747 3341 Strenue
1796 3276 2037 3340 deinde
2086 3295 2475 3363 pergentes,
2543 3296 2636 3346 ut

622 3362 814 3425 simul
851 3380 968 3429 cor
1017 3381 1162 3435 ora,
1205 3361 1462 3444 frigore
1503 3380 1812 3445 aquarum
1854 3359 2144 3435 adfecta,
2190 3380 2385 3423 cursu
2425 3362 2632 3424 refo-

617 3459 886 3517 verent,
926 3466 967 3523 ,a
1043 3445 1271 3507 horam
1309 3442 1446 3505 diei
1478 3463 1710 3504 nonam
1749 3442 2093 3526 adsequuti
2130 3457 2277 3505 sunt
2306 3463 2444 3516 eos,
2495 3446 2631 3527 qui

619 3526 702 3590 de
737 3528 933 3591 tertia
966 3526 1190 3610 vigilia
1224 3525 1585 3588 exiverant.
1669 3520 1902 3587 Hostes
1925 3566 1943 3598 ,
1990 3526 2133 3587 viso
2161 3525 2461 3588 Caesaris
2498 3546 2634 3587 ex..

619 3612 872 3683 orcita,
931 3610 1148 3673 locum
1200 3608 1611 3692 superiorem
1653 3621 2007 3693 ceperunt,
2065 3608 2399 3695 aciemque
2445 3607 2630 3672 stru-

619 3707 877 3755 xerunt.

311 3795 553 3866 Hostium
748 3799 982 3864 XXIV.
1034 3799 1272 3862 Caesar
1301 3798 1563 3861 interim
1599 3819 1753 3862 suos
1781 3798 2204 3883 requiescere
2230 3790 2444 3880 jubetz
2489 3794 2625 3866 de·-

230 3870 596 3936 W0s‘c‘1'0mm
621 3882 778 3945 inde
835 3883 1075 3944 iterum
1127 3881 1632 3980 progredientes
1696 3879 1909 3943 hostes
1967 3881 2358 3966 insequitur.
2460 3883 2625 3961 nli,

233 3938 480 4011 wlstan·
622 3985 816 4050 quum
869 3963 1040 4060 haud
1094 3964 1368 4048 amphus
1416 3965 1702 4063 quinque
1741 3964 1943 4039 millia
1986 3966 2269 4063 pass'uum
2319 3964 2638 4032 ‘abess'e'nt

556 4079 560 4085 ·
621 4068 658 4109 a
696 4060 1016 4151 montosis
1064 4061 1130 4112 et
1171 4045 1449 4133 angustis
1487 4048 1689 4124 loeis,
1745 4065 1910 4133 quae
1948 4068 2007 4112 si
2047 4046 2308 4113 modico
2350 4048 2625 4197 pgqgsi-
