2675 4642
481 296 565 357 m
605 280 905 357 Locum
940 296 1101 361 Lm.
1157 295 1471 358 cxxvn.
1521 295 1744 363 mvn.
1986 303 2109 380 [⁸99

196 518 508 568 craterem
564 504 759 565 misit.
861 502 1075 586 Atque
1113 503 1216 562 ini
1257 503 1552 564 neutrius
1598 503 1822 565 audire
1873 522 2110 588 quere·
2174 507 2239 565 U.
2269 498 2478 579 ejvs.

180 610 237 648 as
279 587 664 657 voluerunt,
729 585 905 667 pacis
964 604 1034 645 se
1092 584 1384 666 pararios
1436 585 1713 657 venisse,
1791 604 1921 647 non
1977 587 2112 648 dis·
2172 579 2447 647 A.-c.4o.

157 681 509 752 ceptatores
547 664 786 737 litium,
834 664 1221 727 dictitando:
1288 666 1623 728 evicerunt
1677 686 1791 740 ue,
1846 681 1913 729 ut
1950 671 2117 728 Tar-

157 751 426 812 racinam
478 749 807 810 mitterent
860 748 1100 808 amicos
1154 746 1235 807 de
1286 689 1772 811 conditionilwus
1826 763 2111 810 acturos.

155 834 206 893 A
239 833 520 893 Caesare
557 835 890 891 Maecenas
937 842 1003 890 et
1047 828 1336 912 Agrippa
1385 842 1740 903 venerunt',
1802 831 1878 895 ab
1910 831 2119 891 Anto-1

157 913 255 974 nio
286 933 433 975 eum
464 912 764 973 Pollione
794 908 1104 990 Fonteius
1136 912 1386 991 Capite.
1475 911 1574 971 Ab
1610 910 1711 975 his
1756 914 2115 996 composita

154 1015 261 1078 pax
290 992 416 1065 est,
471 1007 596 1057 tam
636 993 707 1051 in
748 993 1030 1075 speciem
1064 988 1244 1050 firma
1284 1005 1351 1052 et
1387 989 1641 1062 fidelis,
1684 1007 1753 1055 ut
1789 1015 1910 1055 una
1948 995 2116 1054 intra

156 1074 337 1139 castra
374 1075 561 1135 ambo
592 1076 921 1156 ‚exercitus
959 1071 1513 1143 conducerentur,
1554 1074 1891 1136 oblivione
1924 1096 2115 1157 prae-

152 1158 488 1222 teritorum
525 1155 784 1219 sancita.
870 1154 1284 1216 Commodum
1325 1168 1617 1217 mortuus
1664 1172 1801 1219 erat
1844 1158 1916 1219 C.
1946 1162 2118 1217 Mar·

153 1239 348 1300 cellus
404 1240 669 1300 maritus
725 1237 1072 1309 Octaviae,
1141 1256 1325 1320 quam
1387 1256 1467 1297 ex
1515 1236 1834 1313 Ancharia
1891 1239 2118 1322 priore

156 1318 420 1402 conjuge
455 1333 637 1402 pater
667 1318 961 1380 Caesaris
995 1331 1392 1399 susceperat,
1464 1317 1645 1379 Hanc
1672 1341 1712 1399 ‚a
1746 1318 1949 1383 fratre
1982 1320 2119 1383 col-

153 1400 344 1463 locari
384 1400 669 1466 Antonio
712 1400 890 1484 pacis
927 1412 1227 1463 auctores
1273 1396 1683 1483 postulabant.
1737 1420 1859 1465 nec
1892 1401 2119 1485 displi-

154 1484 273 1573 cuit
310 1482 624 1544 conditio.
687 1496 788 1554 et,
834 1500 1028 1565 quum
1071 1482 1225 1542 ess'et
1266 1478 1532 1564 gravida
1570 1481 1826 1554 mulier,
1874 1503 2121 1567 neque-

153 1562 287 1624 dum
325 1564 620 1625 eluxisset
651 1563 898 1633 virum,
943 1581 1026 1626 ne
1057 1565 1348 1624 Romano
1386 1573 1594 1623 morte
1631 1561 1888 1641 infamis
1923 1564 2121 1626 habe-

151 1660 361 1716 retur,
427 1644 985 1707 senatusconsulto
1027 1640 1283 1725 legibus
1324 1644 1533 1705 soluta
1570 1640 1675 1705 eil.
1761 1644 1942 1707 Haec
1980 1645 2123 1708 vul-

149 1741 280 1806 gata
334 1741 574 1787 tantam
627 1725 910 1789 omnium
959 1723 1236 1791 militum
1286 1718 1594 1786 laetitiam
1638 1725 2119 1801 excitaverunt,

151 1806 450 1871 ut·festae
503 1806 1000 1871 adclamationes
1044 1825 1125 1866 eo
1170 1806 1279 1871 die
1320 1821 1515 1889 atque
1557 1806 1746 1869 etiam
1786 1822 1977 1871 nocte
2008 1828 2122 1885 ¹se·

149 1904 336 1971 quuta
383 1890 541 1951 totis
588 1889 805 1953 castris
851 1903 1303 1971 personarent.
1391 1894 1821 1971 Imperatores
1863 1908 2123 1972 quoquc

150 1985 377 2032 sartam
417 1972 584 2032 bona
622 1970 750 2034 fide
791 1969 1060 2053 gratiam
1106 1970 1346 2032 mutuis
1387 1970 1707 2031 conviviis
1744 1967 1959 2031 testari
2001 1989 2123 2031 vo-

144 2050 439 2115 luerunt:
506 2067 889 2137 notatusque
953 2049 1041 2113 est
1096 2048 1439 2136 adparatus
1492 2050 1796 2125 Antonii,
1860 2051 1982 2133 jam
2039 2050 2121 2115 ad

145 2133 499 2196 Asiaticum
555 2139 647 2195 Ae
694 2135 1090 2217 yptiumquq
1120 2130 1336 2197 luxum
1394 2131 1856 2211 desciscentis3
1966 2153 2118 2195 uum

144 2214 431 2307 Ilomano
475 2229 554 2289 et⁴
579 2217 666 2277 mi
696 2215 843 2278 itari
882 2234 1064 2275 more
1105 2233 1369 2276 coenam
1401 2214 1636 2296 Caesar
1668 2210 1931 2281 instruxi
1987 2227 2074 2281 et·

261 2362 469 2428 XXV.
518 2354 806 2427 Sub'hoc
838 2342 1093 2461 tempus
1125 2362 1361 2424 iterum
1391 2363 1601 2425 diviso
1627 2362 1931 2449 Imperio,
1980 2362 2114 2423 An·
2178 2350 2318 2444 ξίν*
2350 2377 2459 2415 ⁶⁰³⁸·

144 2445 359 2506 tonius
404 2445 724 2509 orientem
766 2444 1060 2530 adcep1t‚
1110 2447 1348 2507 Caesar
1393 2446 1834 2516 occidentem,
1883 2442 2110 2505 consti·
2141 2429 2387 2484 ‘mmm

142 2539 278 2587 tuto
329 2527 598 2587 ditionis
651 2528 991 2611 utriusque
1037 2525 1246 2588 limite
1296 2527 1692 2610 Codropoli3
1774 2546 1975 2609 quae,
2045 2526 2114 2587 in
2377 2537 2382 2543 '

141 2608 460 2671 Adriatici
514 2608 708 2671 maris
763 2609 995 2670 intimo
1053 2608 1199 2669 sinu
1251 2608 1506 2697 posita,
1584 2604 2112 2669 disterminandis

140 2690 498 2773 provinciis
546 2703 904 2775 opportuna
948 2688 1309 2752 videbatur.
1394 2689 1616 2759 Africa
1658 2688 1908 2773 Lepido
1950 2690 2112 2750 reli-

142 2784 237 2831 cta
283 2769 392 2833 est.
492 2773 577 2835 Et
614 2772 771 2834 haec
818 2770 1056 2833 divisio
1111 2770 1668 2847 senatusconsulto
1713 2768 2108 2834 confirmata.

141 2853 389 2914 Bellum
430 2871 573 2916 cum
606 2854 753 2915 Sex.
779 2853 1113 2937 Pompeio,
1156 2853 1286 2913 nisi
1318 2852 1495 2913 forte
1531 2875 1652 2936 pax
1688 2853 2106 2926 convenifl'et‚
2150 2848 2155 2857 ¹

144 2934 401 2997 Caesari
438 2935 833 2997 mandatumz
879 2935 1164 2995 Antonio
1196 2933 1586 2994 Parthicum.
1671 2934 1997 2994 Domitius
2034 2934 2105 2994 in

142 3016 406 3098 gratiam
442 3031 745 3099 receptus
782 3037 816 3077 a
853 3016 1150 3095 Caesare,
1199 3015 1431 3111 quibus
1471 3014 1587 3076 ille
1623 3014 2103 3077 conditionibus

142 3115 281 3157 eum
319 3098 607 3158 Antonio
648 3098 1006 3181 pepigerat.
1107 3096 1479 3176 Admetum,
1521 3097 1781 3180 utrique
1821 3098 2096 3178 Impera·

140 3179 265 3238 tori
318 3179 525 3242 licere
578 3180 870 3241 delectus
924 3179 1283 3241 habereiit
1336 3178 1550 3248 Italia,
1610 3179 1751 3259 pari
1807 3196 2099 3238 numero.

140 3260 458 3322 Antonius
494 3262 560 3321 in
595 3261 861 3344 gratiam
890 3261 1267 3331 Octavia-ni,
1319 3259 1491 3342 quod
1532 3259 1843 3320 hactenus
1880 3260 2105 3341 negle-

139 3355 353 3413 xerat,
410 3341 696 3404 flam‘inio
741 3343 1036 3404 Caesaris
1081 3343 1283 3426 patris
1328 3341 1697 3423 inaugurari
1738 3340 1947 3423 passus
1993 3337 2100 3401 est.

27 3472 30 3481 .
137 3421 278 3485 Hoc
312 3422 440 3488 fuit
467 3424 934 3487 Brundisinum
951 3423 1131 3517 'illud
1167 3422 1400 3485 foedus
1422 3466 1437 3495 ‚
1484 3424 1654 3519 quod
1684 3436 1813 3484 tum
1843 3420 2103 3503 quidem

29 3566 30 3569 ,
139 3504 557 3569 cruentissimi
597 3507 754 3567 belli
791 3520 965 3567 metu
994 3506 1232 3566 Italiam
1272 3505 1573 3565 absolvit.
1661 3504 1813 3563 lnde
1847 3505 1935 3561 Μ.
1970 3506 2102 3562 An-

27 3582 28 3633 ἱ
137 3587 348 3647 tonius
388 3589 460 3647 Ρ.
496 3587 868 3649 Ventidium
903 3589 970 3648 in
999 3587 1218 3648 Asiam
1252 3587 1465 3658 misit,
1514 3596 1581 3646 ut
1615 3584 2000 3645 Parthorum
2037 3602 2104 3646 et

134 3665 403 3730 Labieni
433 3669 770 3731 conatibus
798 3666 1161 3730 obsisteret.
1203 3669 1315 3729 alii
1350 3688 1477 3751 quo
1528 3688 1607 3729 ue
1636 3670 2102 3748 Imperatorum

133 3750 357 3825 amici,
420 3768 550 3834 quo
590 3751 903 3814 vocabant
936 3751 1238 3878 neg?tiav
1298 3749 1454 3810 dimi
1510 3771 1586 3848 u·
1639 3748 1767 3812 Sed
1808 3748 2103 3845 Caesaris

192 3940 343 4011 Cap.
374 3939 585 3995 XXIV.
635 3938 792 3997 Plut.
833 3937 1048 3999 Arnon,
1083 3916 1365 4020 ’'Appian..
1416 3939 1566 3991 Hor.
1603 3933 1724 3990 Sat.
1763 3951 1810 3997 ι,
1840 3934 1892 3988 5.
1942 3931 2098 3985 Plut.

129 4017 185 4061 et
223 4009 490 4082 Appiana
554 4008 694 4088 Dio.
749 4006 1221 4090 Plut.··Appian.
1298 4012 1431 4090 [pto.
1511 4006 1675 4086 Cap.
1716 4004 1898 4058 XXV.
1946 4001 2102 4056 Plut-

127 4076 352 4141 Ghron,
387 4079 556 4133 Alex.
595 4079 735 4131 Dio.
773 4078 819 4131 A
910 4095 1028 4158 tan.
1067 4076 1219 4158 Plut.
1256 4078 1384 4132 Cic.
1424 4074 1572 4132 Phil.
1605 4090 1659 4139 2,
1687 4073 1777 4140 43.
1811 4080 1872 4126 et
1908 4070 1992 4138 13,
2016 4070 2103 4137 ¹4·
2207 4156 2211 4159 Α

128 4146 281 4201 Vsu.
312 4164 369 4218 a,
399 4150 490 4217 7⁶.
530 4142 687 4204 mut.
726 4155 787 4201 st
821 4172 824 4177 ·
866 4162 1073 4221 pptam
1120 4147 1259 4205 Dio.
1382 4192 1386 4199 .

1515 4190 1679 4303 iio
