2675 4642
378 253 469 319 m
508 246 810 316 Locum
849 255 1016 318 Lm.
1058 254 1393 321 cxxvm.
1436 256 1669 324 mvn.
1874 263 1995 328 523
2072 234 2111 269 ‘⁴

447 393 1054 404 o——m-—ae-——s

53 464 314 526 fortuna
367 463 624 524 Caesari
679 463 930 524 'tertiam
973 465 1277 528 decimam
1323 469 1638 551 legionem
1693 469 1950 534 adduxit
1965 491 1986 549 3

57 567 253 630 quae,
315 543 496 606 clade
533 544 815 626 cognita.
861 566 981 629 per
1015 562 1265 630 aspreta
1299 549 1625 611 contendit
1666 552 1741 611 ad
1778 553 1985 635 ignes,

53 631 644 708 hnperatoremque
701 647 914 699 suum,
977 627 1054 688 ab
1102 628 1392 691 omuibus
1446 630 1700 694 famulis
1748 634 1987 695 dereli-

58 722 261 780 ctum,
318 720 388 767 et
422 707 885 769 commilitones
926 707 1119 771 fessos
1154 725 1344 793 atque
1382 711 1710 774 famelicos
1741 734 1996 777 recrea.

56 803 223 852 runt.
311 792 475 849 Tum
523 808 675 849 vero
722 788 1211 873 circumquaque
1249 792 1522 855 nuncios
1561 792 1801 857 dimisit
1838 797 1996 859 Cae-

47 886 161 933 'aar
197 870 653 931 incolumitatis
692 890 878 931 suae:
919 886 984 932 et
1013 874 1309 947 vicissim,
1354 874 1573 938 audito
1598 876 1858 941 Calvisii
1886 877 1998 940 ad.

60 967 288 1021 ventu,
335 950 717 1013 exhilaratus
746 953 947 1034 quieti
978 973 1047 1013 se
1075 952 1273 1015 dedit.

2050 462 2118 528 U.
2149 489 2201 529 c·
2231 472 2351 542 714.

2043 542 2117 598 A.
2135 542 2200 597 C.
2223 543 2314 600 38.

175 1051 410 1121 xvm.
455 1054 710 1118 Poster‘a
743 1058 850 1117 lux
881 1057 1243 1122 miserabile
1281 1062 1707 1145 spectaculum
1744 1063 1998 1146 aperuit
2061 1014 2083 1093 ‘-

62 1152 481 1203 crematarum
526 1152 626 1199 aut
661 1139 997 1203 fractarum
1036 1142 1324 1204 navium:
1366 1141 1818 1227 fluitabantque
1848 1168 1995 1229 pas-

59 1224 174 1283 sim
205 1234 610 1290 armamenta,
643 1221 905 1282 navibus
936 1222 1143 1295 etiam,
1191 1244 1350 1307 quae
1379 1230 1774 1305 supererant,
1809 1228 1992 1290 valde

59 1303 586 1386 quamuis-atque
628 1301 1080 1364 laborantibus.
1167 1305 1294 1367 Sed
1344 1306 1542 1365 otium
1589 1304 1664 1365 ab
1712 1304 1989 1370 hostibus

63 1384 321 1448 Calvisii
378 1382 735 1466 praesentia
789 1382 1162 1466 praestabat,
1239 1400 1306 1447 ut
1364 1386 1629 1447 subduci
1677 1387 1989 1473 reficique

57 1467 345 1549 poss’ent3
391 1484 584 1546 quum
610 1463 819 1525 subito
850 1480 1107 1526 exortus
1136 1466 1335 1529 auster
1364 1466 1826 1531 vehementiori
1852 1492 1986 1531 om-

57 1564 170 1629 nes
206 1545 586 1607 discrimine
623 1546 911 1608 involvit.
972 1545 1128 1608 ,Sed
1153 1548 1497 1632 Pompeius
1536 1551 1699 1611 intra
1734 1565 1989 1633 portum

56 1628 499 1690 Mamertinum
540 1626 884 1689 deduxerat
914 1648 1055 1690 suas
1088 1649 1298 1695 naves.
1346 1642 1407 1690 at
1428 1631 1833 1694 Caesarianae
1862 1634 1990 1694 cir-

60 1726 141 1772 ca.
163 1711 321 1772 litus
366 1729 658 1791 asperum
705 1724 768 1771 et
801 1710 1261 1789 importuosum
1297 1712 1544 1794 ingenti
1577 1712 1864 1795 periculo
1897 1714 1995 1793 ja-·
2050 1758 2059 1763 „

60 1792 409 1858 ctabantur.
478 1809 686 1873 neque
721 1789 928 1852 resisti
964 1805 1215 1874 poterat
1252 1805 1372 1876 per
1405 1793 1748 1854 absentiam
1784 1796 1988 1857 nauti-

60 1892 169 1936 cae
197 1874 451 1943 turbae,
490 1872 669 1947 cujus
704 1892 851 1953 pars
879 1870 1080 1947 major
1112 1874 1177 1934 in
1211 1875 1362 1936 litus
1397 1888 1703 1935 evaserat.
1767 1875 1985 1937 Sabini

58 1969 261 2018 tamen
312 1955 519 2015 minus
568 1950 814 2015 adflicta
873 1953 1077 2017 class'is
1126 1953 1211 2016 est
1261 1960 1484 2017 Menae
1542 1957 1987 2038 providentia3

60 2040 200 2121 qui,
246 2056 479 2119 magno
513 2036 612 2096 rei
652 2035 997 2096 maritimae
1031 2058 1181 2109 usu,
1234 2037 1487 2121 longius
1523 2037 1590 2097 in
1628 2057 1798 2100 mare
1835 2061 1986 2123 pro·

59 2130 310 2195 vectus,
373 2114 494 2178 ubi'
522 2117 733 2178 mitius
777 2117 1274 2180 intumescebant
1308 2118 1549 2189 undae,
1605 2119 1757 2198 jecit
1797 2142 1985 2183 anco.

58 2212 189 2277 ras}
235 2200 641 2283 remigioque
676 2198 1068 2261 contendens
1104 2200 1409 2261 adversus
1450 2213 1720 2271 ventum,
1765 2223 1846 2264 ne
1884 2203 1986 2264 fu.

58 2294 167 2344 nes
217 2282 450 2344 intenti
491 2295 971 2363 rumperentur,
1028 2280 1276 2353 effecit,
1341 2295 1410 2342 ut
1457 2281 1680 2343 eodem
1734 2304 1987 2368 semper

58 2356 200 2425 loco
240 2376 474 2425 tenere
511 2382 585 2423 se
620 2362 858 2444 poss'et,
917 2362 1301 2425 tantumdem
1342 2363 1533 2445 spatii
1570 2362 1835 2443 subinde
1879 2384 1984 2426 re-

57 2457 314 2507 mensus
348 2444 621 2526 remigio
643 2485 660 2511 ,
702 2455 936 2526 quanto
973 2444 1272 2527 abreptus
1308 2445 1480 2507 venti
1515 2444 1815 2507 violentia
1845 2444 1987 2507 fue-

59 2532 168 2587 rat.
256 2525 390 2587 Sed
445 2537 511 2586 et
559 2525 668 2585 alii
720 2524 1007 2608 quidam,
1072 2524 1436 2599 industriam
1483 2524 1668 2606 hujus
1717 2527 1982 2601 imitati,

59 2605 291 2690 pestem
337 2606 701 2669 intentatam
741 2608 1136 2697 repulerunt.

170 2704 343 2775 xlx.
387 2712 473 2774 At
500 2712 744 2796 reliqua
772 2713 1141 2786 multitudo,
1185 2728 1463 2788 ventum,
1504 2729 1575 2776 ut
1602 2732 1799 2777 verno
1826 2730 1985 2780 tem-

2035 1870 2217 1928 Μυκη
2224 1889 2351 1942 pru·

2009 1940 2187 1995 demit
2212 1946 2267 1994 in

2009 2014 2317 2082 tempestate·

2042 2731 2294 2786 Caesaris

9 2822 12 2829 ·
63 2806 254 2878 pore,
315 2794 446 2857 cito
491 2795 847 2879 positurum
889 2793 1271 2869 existimans,
1332 2797 1653 2893 utrimque
1700 2797 1983 2860 revincta
2007 2803 2201 2869 ctaffem
2220 2813 2342 2854 me-

65 2878 311 2938 ancoris
353 2878 638 2961 navigia,
699 2899 782 2938 ne
837 2876 1331 2951 colliderentur,
1393 2891 1597 2938 contis
1650 2881 1981 2961 propulsa·
2006 2873 2175 2952 9⁴,stss
2198 2871 2298 2924 αὖ·

9 2992 12 2995 >
62 2956 241 3035 bant3
294 2958 555 3020 minime
592 2957 884 3021 diuturna
919 2977 1076 3042 ope,
1123 2974 1314 3043 quum
1345 2956 1530 3020 flatus
1563 2940 2168 3040 impemosiorfl¹8⁰⁶

64 3038 356 3119 obstantia
399 3041 606 3102 omnia
642 3037 1004 3117 disjiceret:
1049 3059 1240 3103 naves
1289 3059 1406 3112 ue,
1451 3038 1758 3136 disruptis
1791 3061 1984 3103 anco-

61 3121 317 3192 ralibus,
365 3122 429 3183 in
468 3115 617 3183 litus
646 3121 1178 3206 impingebantur.
1243 3063 1516 3193 {aevum
1548 3119 1782 3181 demde
1814 3120 1983 3184 diem

9 3238 12 3251 ι
61 3200 290 3264 tristior
323 3224 451 3264 nox
484 3202 766 3285 excepit,
809 3203 1178 3266 intendente
1213 3223 1281 3266 ae
1318 3215 1547 3275 vento,
1597 3214 1661 3263 et
1697 3204 1983 3269 tenebris
2070 3226 2074 3235 ’

65 3296 465 3366 conspectum
525 3284 967 3347 adimentibus.
1034 3283 1164 3363 jam·
1205 3284 1455 3367 pridem
1514 3281 1683 3345 enim
1739 3285 1983 3346 aurium

64 3379 205 3426 usus
242 3367 558 3447 perierat,
602 3367 1028 3463 nequidquam
1064 3376 1362 3429 contento
1400 3364 1676 3426 elamore
1708 3367 1997 3447 petenti:

66 3437 177 3508 bus
215 3467 440 3530 opem»,
482 3468 752 3532 quorum
786 3468 981 3513 voces
1016 3460 1351 3509 ventorum
1383 3445 1814 3545 fluctuumque
1848 3445 1987 3507 stri-

68 3517 213 3600 dor,
258 3543 324 3589 et
360 3530 727 3612 repercuss'u
766 3530 1071 3592 montium
1099 3529 1508 3608 multiplicati
1540 3527 1843 3589 fremitus
1869 3528 1985 3589 ob-

67 3610 341 3671 ruebant.
428 3612 636 3674 Etiam
686 3610 885 3674 aestus
949 3611 1051 3672 his
1110 3608 1453 3671 adcess'erat
1508 3610 1721 3681 malis,
1790 3622 1856 3672 et
1907 3625 1991 3672 er

66 3686 316 3753 navibus
371 3707 709 3775 utcumque
758 3707 1079 3769 servatos,
1137 3691 1203 3751 in
1244 3705 1417 3754 terra
1458 3710 1712 3774 quoque
1754 3687 1983 3753 fluctus

67 3766 259 3835 infesti
302 3775 877 3859 consequebantur.
959 3772 1275 3846 Tandem,
1319 3772 1657 3856 adpetente
1696 3771 1835 3846 die,
1877 3793 1985 3834 re-

66 3852 225 3916 misit
259 3871 517 3931 ventus,
562 3870 628 3921 et
665 3856 781 3919 sub
819 3856 974 3919 solis
1009 3871 1215 3921 ortum
1251 3855 1438 3939 plane
1467 3854 1751 3937 quievit3
1793 3852 1980 3919 undis

68 3939 255 3998 tamen
292 3938 496 4002 adhuc
532 3938 643 4000 diu
682 3939 1144 4003 saevientibus:
1210 3936 1492 4003 atrocior
1530 3932 1701 3999 enim
1734 3949 1979 4020 tempe-

129 4084 260 4207 cap.
290 4085 503 4191 xvlil.
539 4131 676 4191 Dio.
710 4139 768 4185 et
799 4128 1070 4202 Appiam.-
1151 4092 1160 4099 ι
